2175 3875
212 295 423 365 U.c.553
456 287 755 369 exigerent
791 284 989 346 :fimul
1026 302 1066 364 9

460 183 555 262 80
774 186 1610 262 T1T1L1V11

453 528 596 593 bem
646 527 810 590 fuiffe
848 548 923 589 ex
961 527 1149 611 Triph
1198 530 1315 605 lia,
1360 527 1461 590 sed
1495 527 1600 590 fibi
1633 527 1859 590 debere
1907 550 2021 590 re-

451 608 644 683 stitui,
690 630 726 670 2
764 611 899 692 quia
924 630 1041 671 una
1074 552 1218 672 edet
1242 632 1317 672 ex
1345 612 1414 670 iis
1449 631 1578 693 quae
1612 608 1688 669 ad
1713 611 2012 672 conden-

452 692 591 755 dam
615 689 721 752 Me
767 691 1047 774 alopolirn
1065 737 1086 767 ,
1110 713 1185 754 ex
1206 692 1461 754 concilio
1485 690 1787 753 Arcadum
1806 736 1828 765 ,
1852 713 1973 752 con
1991 724 2013 740 ·

451 772 680 835 tributae
758 790 949 835 orent.
1006 771 1081 834 Et
1141 793 1276 835 cum
1322 771 1553 833 Achaeis
1600 771 1853 912 t{Juidem
1891 794 2010 853 per

452 854 582 915 haec
624 853 962 917 societatem
1009 853 1297 928 firmabat,
1337 872 1366 933 3
1420 852 1597 915 Mace
1642 873 1823 914 onum
1865 856 2007 918 ani·-

453 955 591 997 mos
616 932 720 995 fibi
743 937 1074 998 conciliavit
1094 956 1229 998 cum
1258 935 1575 997 Heraclide
1603 952 1620 993 ε
1648 954 1784 995 narn
1812 954 2005 1016 quum

433 1035 594 1086 ¹euru
633 1019 886 1079 maxime
921 1018 1152 1079 invidia
1197 1013 1302 1082 fibi
1335 1013 1448 1078 ess'e
1489 1031 1795 1088 cerneret,
1832 1017 2005 1084 mul,-

452 1096 529 1160 tis
575 1099 907 1160 criminibus
946 1115 1292 1174 oneratum,
1317 1099 1392 1157 in
1424 1097 1658 1158 vincula
1696 1093 2002 1175 conjecit,

450 1179 676 1260 ingenti
712 1180 1076 1262 popularium
1108 1179 1346 1264 gaudio.
1387 1177 1656 1251 Bellum,
1691 1175 1734 1237 fi
1757 1179 2000 1259 quando

453 1280 714 1341 unquam
756 1262 890 1322 ante
922 1262 1060 1324 alias
1084 1306 1105 1336 ,
1151 1281 1285 1321 cum
1324 1280 1537 1343 magna
1581 1280 1714 1319 cura
1752 1280 2002 1340 appara-

458 1343 585 1416 vit,
631 1344 1000 1423 exercuitque
1047 1346 1109 1403 in
1150 1343 1323 1403 armis
1364 1341 1430 1401 &
1479 1339 1885 1415 Macedonas,
1927 1342 1998 1403 &

453 1425 853 1484 mercenarios
901 1423 1113 1487 milites
1153 1443 1170 1484 z
1207 1423 1610 1505 principioque
1665 1422 1819 1483 veris
1858 1443 2002 1483 cum

456 1502 851 1586 Athenagora
891 1508 1094 1566 omnia
1139 1521 1380 1567 externa
1417 1503 1666 1577 auxilia,
1716 1502 1998 1586 quodque

526 1618 561 1670 9
586 1603 687 1678 Qui
703 1607 1068 1672 redderent.]1d
1087 1607 1183 1668 est,
1261 1626 1366 1676 quae
1388 1608 1579 1660 suorum
1613 1607 1810 1676 proprie
1825 1605 1995 1658 finium

449 1679 537 1746 qui
576 1676 879 1730 redditurum
918 1698 1032 1732 mox
1071 1681 1188 1733 Phia
1260 1682 1378 1734 effet
1405 1715 1421 1742 ‚
1457 1681 1539 1732 fibi
1592 1681 1853 1748 privatim,
1892 1697 1997 1731 non

448 1753 637 1820 lippum
699 1752 1014 1821 sponderent.
1070 1754 1187 1806 Hoc
1261 1755 1504 1808 communi
1528 1754 1819 1807 Achaeorurn
1840 1787 1856 1814 ,
1891 1770 1996 1805 me-

448 1826 582 1893 enim
614 1838 838 1895 tempore
868 1828 1055 1879 reddita
1084 1846 1187 1880 non
1259 1827 1356 1881 rito
1387 1830 1565 1880 volunt
1594 1827 1799 1879 restitui.

452 1898 551 1953 effe
573 1900 677 1952 haec
696 1903 808 1952 loca
830 1900 1020 1955 Achaeis
1046 1920 1191 1972 appa·
1339 1916 1373 1955 2.
1402 1901 1534 1976 Quia
1567 1920 1661 1953 una
1695 1899 1805 1969 effer
1835 1917 1895 1952 ex
1930 1899 1993 1954 iis

447 1988 536 2032 {et
552 1992 616 2031 ex
628 1974 892 2041 XXXIII,
917 1990 988 2045 34
1001 2011 1018 2040 ,
1041 1978 1191 2032 infre.
1265 1995 1362 2048 qnae
1380 1980 1445 2027 ad
1462 1977 1751 2028 condendam
1766 1974 1997 2046 Megalo-

538 2069 559 2105 ι
584 2053 723 2104 Eleis
733 2053 1025 2118 Alipheram.
1038 2056 1067 2121 J
1082 2051 1191 2105 Du·
1259 2051 1463 2122 polim}
1478 2049 1805 2121 Megalopolis
1826 2050 1995 2100 condi-

453 2126 603 2178 bitari
616 2143 715 2176 non
736 2125 893 2193 potest
909 2159 924 2185 ,
942 2127 1058 2194 quin
1076 2127 1192 2177 scri·
1264 2139 1315 2178 ta
1352 2127 1513 2178 fuerat
1534 2159 1549 2185 ,
1579 2125 1770 2176 auctore
1800 2123 1996 2187 Epami—

1102 287 1201 367 qui
1236 284 1552 347 redderent
1592 281 1830 347 Achaeis
1881 271 2022 350 01⁵³-

211 363 829 441 ⁸·C·199·chomenon,
851 367 915 427 ὅ(
932 366 1202 428 Heraeam
1217 411 1237 444 ,
1262 367 1328 427 &
1350 364 1815 448 Triphyliam31
1844 365 2026 431 Eleis

455 447 801 530 Alipheram
821 491 844 520 ,
889 446 1373 509 contendentibus
1404 467 1701 530 nunquam
1731 467 1872 508 eam
1899 470 2024 509 ur-

452 2194 797 2269 pserit'Livius
819 2234 833 2259 ,
858 2199 1191 2269 Megalopoli-

452 2273 521 2325 tis
534 2307 553 2333 ,
569 2289 667 2324 non
686 2272 840 2327 Eleis.
863 2273 920 2325 ld
935 2286 1073 2342 patet
1086 2287 1191 2325 turn

453 2363 523 2400 ex
559 2347 616 2398 iis
656 2364 764 2414 quae
802 2347 1064 2416 sequuntur
1093 2349 1190 2398 hoc

451 2419 560 2489 ipso
574 2422 689 2471 loco
704 2438 720 2480 3
736 2433 837 2472 tum
856 2439 918 2477 ex
937 2421 1187 2482 XXVIII,

455 2493 493 2545 8
519 2525 535 2552 ‚
553 2493 633 2543 ubi
662 2496 723 2543 ab
757 2495 934 2546 eodem
966 2493 1190 2562 Philippo

453 2565 641 2620 Heraea
671 2565 839 2618 itidem
865 2569 916 2619 δι
938 2568 1194 2638 Triphylia

453 2639 655 2707 ,Qchaeis
669 2674 686 2696 ,
709 2640 940 2708 Aliphera
961 2641 1194 2710 Megalo·

454 2712 625 2780 politis
641 2712 922 2765 restituitur.
938 2714 1033 2766 Sed
1053 2716 1194 2767 nimi-

456 2803 565 2852 rum
584 2803 664 2838 eas
686 2786 783 2838 five
805 2789 948 2839 urbes
965 2823 980 2848 ,
995 2787 1092 2839 five
1111 2805 1192 2842 re·

458 2860 711 2931 giunculas
743 2860 909 2927 postea
946 2860 1193 2929 Philippus

458 2930 636 2999 iteruin
665 2933 717 2983 in
745 2933 873 2985 suam
905 2934 1195 3001 potestatem

459 3004 697 3076 redegifl'e
764 3007 1032 3060 censendus
1106 3008 1193 3060 est.

462 3077 621 3132 Porro
638 3078 1006 3149 Megalopolitae
1020 3082 1194 3134 foederi

462 3155 658 3222 quidem
687 3153 979 3209 Achaeorum
1015 3155 1195 3207 adscri-

460 3225 538 3299 pti
549 3240 709 3286 erant.
721 3228 821 3284 Sed
831 3241 993 3284 tamen
1005 3230 1195 3306 urbem,

1265 2200 1427 2251 nond&
1450 2232 1467 2259 ,
1505 2199 1669 2250 multis
1702 2193 1995 2265 ignobilibus

1264 2272 1488 2325 Arcadia
1536 2273 1658 2324 vicis
1709 2267 1994 2339 oppidisque

1264 2347 1315 2398 in
1351 2363 1495 2398 unam
1532 2349 1699 2397 urbem
1734 2382 1753 2408 ,
1798 2341 1993 2410 majoris

1265 2421 1455 2472 roboris
1475 2420 1654 2490 gratia,
1675 2417 1960 2470 contributis
1979 2449 1997 2477 ,

1265 2511 1329 2546 ex
1366 2494 1609 2545 communi
1642 2491 1800 2562 gentis
1834 2490 1995 2542 Arca·

1266 2569 1378 2620 dum
1399 2569 1629 2619 decreto.

1339 2655 1367 2707 3
1386 2641 1704 2692 Macedonum
1715 2638 1892 2689 animos
1897 2637 1996 2704 fibi

1266 2715 1544 2766 conciliavit
1564 2732 1666 2764 cum
1678 2710 1990 2776 Heraclida]

1265 2789 1382 2840 Hoc
1424 2788 1686 2855 suspeftum
1729 2785 1867 2837 nobis
1907 2785 1994 2836 est.

1266 2862 1506 2914 Mendum
1535 2863 1689 2913 latere
1722 2858 1913 2910 videtur
1944 2859 1994 2910 in

1266 2937 1445 2987 vocula
1463 2953 1582 2986 cum.
1606 2932 1782 2986 Sensus
1800 2944 1995 2999 apertus

1267 3024 1331 3062 ex
1354 3004 1701 3076 sequentibus:
1726 3005 1995 3057 Heraclidis
2022 3062 2043 3079 ·

1269 3076 1426 3148 capite
1450 3081 1752 3149 popularium
1786 3094 1994 3129 amorem

1266 3157 1492 3208 redemit.
1539 3155 1622 3206 De
1679 3152 1934 3203 Heraclide

1267 3229 1368 3313 vid.
1385 3241 1496 3288 not.
1523 3243 1546 3284 ι
1567 3261 1586 3308 2
1604 3227 1666 3281 ad
1685 3224 1858 3282 xxx1
1880 3183 1998 3288 ,162

2157 379 2160 428 1
