2175 3875
393 254 456 330 L
516 269 542 321 1
593 256 639 321 ’Β
693 269 738 321 E
791 270 842 322 n
904 237 1390 324 'XXXIIL
1547 267 1684 345 141!

106 361 243 431 ‘fer
280 350 469 412 :dium
514 347 743 409 immiffi
785 348 943 408 radii.
966 350 1165 408 {ocum
1207 348 1279 407 ad
1317 345 1684 410 inferendam
1701 359 1939 436 [lx-”50³

104 437 376 491 inanum
426 454 562 490 non
601 431 928 509 relinquunt
959 474 979 503 ‚
1020 448 1081 488 ut
1118 449 1306 509 neque
1350 432 1637 510 prehendi
1663 437 1937 505 ,a.C.197·

96 513 296 594 quod
334 513 607 572 trahatur
629 556 646 584 ‚
672 531 862 590 neque
896 512 1041 569 trahi
1061 555 1081 585 ,
1110 531 1285 590 quum
1322 512 1475 571 inter
1507 512 1565 572 se
1595 514 1688 572 in-

99 597 257 653 nexi
290 596 448 653 rami
489 593 790 652 vinculum
821 594 1073 652 invicem
1108 590 1404 672 praebeant
1428 637 1448 666 ‚
1470 589 1644 673 possit
1666 613 1687 654 t

104 675 178 735 ὅ(
222 671 280 733 fi
321 670 561 734 evuisus
600 672 749 733 forte
785 671 868 732 est
909 693 1055 732 unus
1078 715 1099 744 ,
1133 692 1244 731 nec
1281 672 1398 732 ioci
1436 676 1688 735 multum

99 758 327 835 aperit
355 800 376 828 ,
412 756 482 814 ὃ(
526 755 700 812 alium
732 772 1022 833 reponere
1059 752 1335 832 perfacile
1378 752 1478 813 est.

128 855 135 870 ·
196 835 269 893 V
286 834 342 896 1.
365 832 660 913 Quintius
690 834 926 915 postero
961 834 1056 893 die
1082 876 1105 906 ‚
1136 832 1356 892 vallum
1380 834 1569 897 secum
1592 833 1688 896 fe-

102 935 304 977 tente
345 917 537 976 milite
560 960 581 989 ‚
608 932 673 975 ut
708 933 935 995 paratus
972 915 1138 975 omni
1167 914 1311 986 Loco
1349 913 1535 976 castris
1568 937 1692 1002 po-

104 997 352 1058 nendis
400 994 550 1057 esset
586 1041 607 1071 ‚
695 994 975 1078 rogress'us
1023 994 1321 1054 modicum
1374 998 1482 1056 iter
1519 1042 1540 1071 ‚
1590 993 1688 1059 sex

111 1069 331 1137 fe?me
359 1077 548 1137 millia
583 1098 616 1136 a
723 1080 832 1137 eris
858 1096 1036 1157 quum
1073 1074 1418 1136 consedisset
1438 1122 1457 1151 ,
1483 1077 1690 1158 specu·

114 1159 331 1218 heum
350 1162 412 1217 in
441 1180 560 1238 qua
595 1175 760 1239 parte
779 1155 1080 1218 Theffaliae
1115 1155 1288 1217 hostis
1318 1155 1459 1218 esset
1480 1203 1499 1230 ‚
1521 1159 1688 1240 quid·

106 1259 210 1300 ve
255 1256 537 1319 pararet,
564 1237 733 1299 misit.
769 1235 944 1299 Circa
971 1236 1239 1298 Lariffam
1274 1257 1395 1299 erat
1424 1260 1562 1299 rex:
1588 1237 1690 1322 qui
1729 1274 1734 1290 ·

124 1325 360 1381 certior
380 1319 507 1399 jam
529 1317 710 1379 faaus
730 1365 748 1394 ‚
772 1317 1107 1379 Romanum
1132 1318 1453 1380 abThebis
1479 1320 1687 1382 Pheras
1753 1335 1940 1391 Pheras

123 1400 393 1462 moviffe
417 1446 441 1474 ‚
476 1399 718 1482 defungi
768 1402 1197 1481 quamprimum
1234 1399 1297 1461 &
1331 1401 1451 1484 ipse
1492 1424 1685 1464 certa·
1699 1427 1887 1476 uterque

126 1485 306 1542 mine
353 1484 649 1561 cupiens,
691 1480 908 1541 ducere
957 1481 1297 1556 adhostem
1335 1488 1526 1565 pergit
1559 1529 1579 1555 ,
1624 1483 1938 1545 &exercitus

128 1582 398 1645 quatuor
434 1563 617 1622 millia
648 1559 772 1622 fere
806 1559 842 1621 a
872 1560 1073 1622 Pheris
1107 1562 1296 1644 posuit
1328 1559 1864 1627 castra.1nde²“¹¹¹'⁸·‘

129 1642 385 1725 postero
422 1644 522 1703 die
564 1664 742 1725 quum
774 1644 1036 1723 expediti
1060 1647 1363 1726 utrimque
1402 1646 1476 1705 ad
1516 1668 1700 1708 occu-

125 1726 379 1807 pandos
404 1724 574 1805 super
598 1726 801 1790 urbem
824 1725 1077 1786 tumulos
1100 1725 1493 1806 proceffiss‘ent
1514 1774 1532 1800 ‚
1610 1730 1695 1789 ari

126 1805 340 1867 ferme
390 1805 706 1866 intervallo
763 1806 835 1865 ab
877 1805 1018 1889 jugo
1057 1851 1077 1879 ,
1132 1806 1292 1887 quod
1341 1751 1692 1887 capiemfum

130 1904 313 1961 erat,
352 1908 539 1968 quum
579 1889 729 1948 inter
766 1886 825 1948 se
861 1885 1156 1969 conspefli
1196 1885 1378 1947 ess'ent
1411 1931 1430 1961 ,
1479 1889 1698 1961 consti·

124 1988 349 2030 terunt
386 1988 408 2041 ;
446 1971 690 2029 nuncios
741 1970 799 2027 in
845 1968 1024 2029 castra
1066 1967 1323 2027 remissos
1358 2012 1378 2041 ‚
1453 1969 1514 2026 ui
1552 1970 1696 2050 quid

127 2050 249 2111 fibi
275 2094 294 2123 ‚
315 2071 501 2131 quum
543 2067 750 2128 praeter
782 2048 944 2130 spem
979 2048 1157 2110 hostis
1195 1988 1522 2113 occurrifl‘et
1549 2095 1568 2124 ,
1605 2049 1698 2112 fa-

130 2133 432 2193 ciendum
456 2129 597 2191 esset
618 2176 637 2203 ‚
664 2131 1027 2192 consulerent
1053 2176 1071 2205 ‚
1090 2132 1271 2212 quieti
1300 2128 1695 2211 opperientes,

130 2212 220 2273 Et
280 2212 392 2271 illo
443 2212 677 2291 quidem
731 2213 824 2273 die
877 2210 1038 2272 nullo
1083 2214 1227 2273 inito
1281 2215 1591 2275 certamine
1617 2216 1693 2293 vin

132 2291 338 2355 castra
384 2295 643 2353 revocati
680 2293 826 2353 sunt.
860 2292 1098 2354 Postero
1137 2294 1229 2355 die
1268 2296 1416 2353 circa
1453 2294 1695 2355 eosdem

131 2375 422 2437 tumulos
465 2371 724 2455 equestre
757 2374 1023 2454 praelium
1050 2373 1198 2434 fuit:
1231 2378 1288 2435 in
1334 2397 1455 2457 quo
1497 2396 1532 2435 2
1571 2395 1694 2436 non

130 2455 469 2517 minimum
497 2454 834 2516 AEtolorum
876 2455 1059 2536 opera
1095 2458 1238 2536 regii
1270 2455 1491 2537 fugati,
1514 2477 1696 2538 atque

131 2540 201 2598 in
251 2536 440 2595 castra
482 2535 761 2616 compulsi
802 2534 949 2597 fimt.
987 2535 1273 2618 Magnum
1302 2537 1553 2618 utrisque
1583 2541 1702 2598 im·

135 2619 571 2702 pedimentum
614 2617 687 2688 ad
724 2636 850 2676 rem
881 2617 1195 2699 gerendam
1241 2615 1348 2677 fuit
1380 2638 1516 2699 ager
1542 2616 1706 2679 con-

131 2701 292 2761 fitns
336 2697 554 2756 crebris
593 2697 894 2773 arboribus
915 2744 935 2771 ‚
971 2699 1240 2779 hortique
1260 2741 1281 2771 ,
1302 2714 1367 2758 ut
1407 2701 1466 2758 in
1497 2697 1703 2759 subur-

131 2782 327 2843 banis
376 2778 519 2838 locis
548 2822 568 2852 ,
608 2779 675 2839 &
715 2777 998 2840 coarflata
1034 2782 1238 2857 itinera
1276 2781 1537 2839 maceriis
1567 2824 1587 2853 ‚
1629 2780 1700 2840 ’δι

5 2883 8 2946 y
131 2848 503 2944 quibusdam
526 2859 676 2924 locis
712 2859 1033 2921 interclusa.
1068 2856 1267 2941 ltaque
1296 2862 1509 2941 pariter
1532 2861 1703 2921 duci·
1789 2877 1797 2886 ·

132 2945 264 3022 bps
306 2937 611 3019 confilium
665 2940 773 3017 fuit
824 2940 1146 3019 excedendi
1188 2940 1256 3015 ςὲι
1298 2942 1541 3024 regione
1575 2987 1595 3020 ,
1633 2941 1702 3002 δι

131 3023 329 3090 velut
359 3041 432 3082 ex
471 3021 749 3103 praediao
773 3066 794 3095 ,
818 3023 993 3091 ambo
1013 3011 1332 3084 Scotuss'a'm
1366 3025 1656 3106 petierunt
1676 3064 1700 3096 ,

227 3219 264 3254 2
287 3201 414 3253 Non
432 3202 673 3265 minimum
688 3202 897 3254 AEtolo-
969 3194 1020 3253 'id
1061 3202 1128 3254 est
1148 3237 1164 3262 .
1204 3220 1376 3276 magna
1413 3218 1478 3257 ex
1513 3202 1701 3273 Ρέζῐςῃ]

142 3295 255 3341 rm
273 3278 448 3351 opera.
461 3277 489 3355 J
501 3277 624 3331 Nou
639 3276 899 3339 minimam,
972 3276 1197 3333 maxime.
1518 3276 1522 3281 ’
1669 3278 1674 3283 ’
