2175 3875
343 183 863 255 'Ltnssn
965 178 1350 252 XXXV.
1530 190 1663 274 291'

163 280 301 339 iores
332 301 391 340 ex
408 270 711 364 provinciis
735 266 1073 359 seriberiam
1114 298 1213 337 aut
1253 276 1422 360 legati
1461 298 1669 338 renun-
1684 295 1916 359 U,c,559,·

172 362 391 434 ciarem,
418 364 559 424 nihil
599 382 774 421 ratum
818 361 1003 419 haberi
1044 361 1249 418 debere.
1293 361 1371 419 Si
1406 361 1673 419 tumultus
1690 362 1955 427 1.C.193.'

175 441 510 582 infflania
552 442 671 522 effer
701 488 720 515 ,
751 443 968 519 placete
992 486 1009 513 ,
1044 441 1431 500 tumultuarios
1470 442 1676 501 milites

171 542 234 580 ex
333 529 545 586 ltaliam
573 527 739 604 sbribi
778 547 813 582 a
841 541 1088 604 praetore.
1122 522 1298 582 Mens
1337 542 1406 581 ea
1444 520 1676 581 senatus

170 599 299 676 fuit,
328 625 383 666 ut
430 611 490 666 in
528 605 805 687 Hispania
844 605 1197 664 tumultuarii
1249 605 1459 663 milites
1500 604 1686 685 lege-—

167 703 360 747 rentur.
391 689 653 748 Valerius
684 687 884 746 Antias
918 687 979 745 &
1012 683 1352 744 in‘Siciliam
1383 683 1677 767 navigasse

169 763 398 828 delefiifis
430 771 600 830 causa
638 768 714 830 C.
753 769 1100 847 Flaminium
1138 767 1365 831 scribit:
1394 768 1453 825 ὃ(
1491 787 1564 826 ex
1586 765 1682 827 Si-

170 848 287 907 cilia
309 851 635 932 Hispaniam
677 869 981 931 petentem
1005 894 1024 922 ‚
1051 847 1395 927 tempestate
1426 851 1483 907 in
1518 847 1683 909 Afri-

169 933 555 1017 cam‘delatum
573 979 592 1006 ‚
609 954 795 1015 vagos
823 933 1035 992 milites
1056 931 1132 990 de
1157 933 1407 990 exercitu
1438 929 1498 989 P.
1522 929 1685 990 Afri·

169 1016 284 1070 cani
322 1014 671 1075 sacramento
708 1013 926 1096 rogasse
970 1034 983 1070 :
1023 1013 1114 1071 his
1159 1013 1399 1072 duarum
1437 1015 1683 1092 provin·

167 1093 363 1155 ciarum
383 1095 697 1157 delefflbus
713 1141 731 1168 ‚
750 1098 984 1159 tertium
1007 1097 1065 1153 in
1088 1093 1366 1173 Hispania
1387 1091 1678 1172 adjecisse.

236 1171 331 1235 III.
379 1177 509 1238 Nec
563 1181 621 1236 in
674 1175 837 1237 Italia
884 1175 1108 1257 segnius
1143 1174 1419 1258 Ligurum
1459 1177 1679 1239 bellum
1727 1183 1823 1237 Res
1841 1183 1928 1253 Li·¹

168 1254 459 1320 crescebat.
502 1258 651 1318 Pisas
691 1256 809 1336 jam
858 1260 1232 1341 quadraginta
1267 1259 1518 1319 millibus
1569 1259 1854 1331 ho-guriae.

168 1338 368 1399 minum
394 1387 413 1415 ‚
450 1339 718 1402 affluente
759 1341 1021 1421 quotidie
1067 1341 1433 1401 multitudine
1479 1340 1551 1400 ad
1594 1340 1683 1401 fa-

166 1434 310 1479 mam
356 1423 494 1483 belli
540 1425 700 1503 spem
743 1442 816 1481 ue
857 1422 1064 1502 ptaedae
1099 1468 1119 1497 ‚
1167 1421 1687 1486 circumsedebant.

166 1495 440 1564 Minucius
469 1504 667 1565 consul
762 1506 997 1564 tretium
1026 1548 1046 1577 ‚
1086 1504 1180 1562 die
1217 1525 1395 1584 quem
1425 1506 1688 1566 edixerat

163 1579 235 1638 ad
265 1586 732 1646 conveniendum
773 1586 1049 1644 militibus
1072 1627 1090 1652 ,
1128 1587 1290 1644 venit
1317 1606 1336 1658 ;
1363 1585 1502 1646 inde
1545 1606 1694 1666 quaq-

165 1661 319 1743 drato
358 1672 590 1749 agmine
625 1668 700 1726 ad
734 1665 880 1726 Pisas
928 1667 1124 1725 duxit:
1156 1665 1219 1726 &
1254 1687 1445 1748 ¹quum
1488 1665 1685 1727 hostes

165 1762 277 1804 non
331 1750 466 1828 plus
521 1747 777 1829 passuum
814 1746 993 1813 tribus
1039 1746 1291 1808 millibus
1342 1749 1414 1807 ab
1457 1748 1686 1828 oppido

163 1839 306 1887 trans
340 1831 588 1891 fluvium
621 1824 932 1890 movissent
969 1827 1189 1899 castra,
1218 1830 1417 1888 consul
1443 1831 1643 1888 urbem
1664 1873 1685 1904 ‚

164 1904 306 1970 haud
331 1911 511 1971 dubie
548 1911 830 1972 servatam
875 1910 1134 1972 adventu
1172 1909 1273 1970 suo
1295 1957 1313 1982 ‚
1348 1909 1429 1972 est
1468 1909 1691 1992 ingres-

164 1984 263 2051 sus.
305 1992 547 2054 Postero
598 1994 691 2062 die
738 1994 802 2052 &
848 1991 967 2073 ipse
1006 1991 1162 2051 trans
1211 1993 1452 2053 fluvium
1498 1991 1686 2053 ferme
1760 2005 1933 2058 Minu-⁴

162 2072 311 2133 mille
345 2073 537 2157 paffus
575 2076 647 2134 ab
681 2072 843 2134 hoste
875 2072 1064 2154 posuit
1100 2071 1274 2134 castra
1306 2093 1325 2146 ;
1368 2075 1503 2135 inde
1537 2075 1796 2135 levi-cius
1817 2076 1929 2142 Cos.

163 2149 263 2212 bus
299 2158 522 2236 praeliis.
559 2179 591 2215 a
636 2157 1353 2238 populationibusagrum
1398 2156 1749 2240 sociorumirf
1788 2154 1937 2224 Μεθ’.

163 2238 490 2311 tutabatur3
526 2240 586 2296 in
623 2240 808 2298 aciem
850 2240 1007 2297 exite
1041 2257 1164 2297 non
1199 2238 1448 2299 audebat
1469 2286 1487 2313 ,
1526 2246 1799 2301 novom·

162 2318 336 2379 milite
361 2365 380 2393 ‚
423 2322 494 2380 &
534 2341 608 2378 ex
644 2320 840 2394 mult—is
870 2319 1177 2401 generibus
1218 2320 1519 2379 hominum
1559 2322 1693 2382 col-

162 2393 304 2457 Ιεᾶο
331 2445 355 2472 ,
389 2419 415 2481 5
458 2400 711 2460 necdum
747 2418 892 2460 noto
930 2398 1058 2462 satis
1093 2404 1241 2460 inter
1275 2401 1331 2461 se
1355 2446 1373 2474 ‚
1402 2421 1464 2460 ut
1505 2400 1693 2464 fidere

164 2477 256 2539 alii
293 2482 428 2541 aliis*
461 2482 713 2563 possent.
759 2479 998 2563 Ligures
1040 2483 1405 2543 multitudine
1450 2483 1578 2544 freti
1626 2485 1693 2547 &

162 2558 217 2618 in
264 2567 449 2623 aciem
511 2563 743 2623 exibant
787 2607 805 2635 ,
858 2566 1037 2643 parati
1088 2564 1162 2622 de
1224 2563 1443 2624 summa
1495 2565 1693 2626 retum

162 2640 479 2706 decernere
522 2665 541 2717 ;
599 2646 666 2704 &
723 2644 1083 2704 abundantes
1125 2646 1388 2705 'militum
1445 2667 1697 2707 numero

161 2722 363 2803 paffim
415 2726 627 2785 multas
681 2746 881 2806 manus
920 2748 1023 2808 per
1081 2744 1339 2786 extrema
1379 2725 1579 2787 finium
1619 2728 1697 2787 ad

160 2808 542 2883 praedandum
586 2809 930 2868 emittebant
978 2829 993 2866 ε
1029 2817 1082 2867 &
1176 2829 1312 2869 uum
1360 2807 1554 2867 coadsta
1597 2808 1690 2868 vi's

161 2904 369 2971 magna
401 2910 682 2971 pecorum
713 2890 1038 2973 praedaeque
1156 2908 1260 2962 et,
1285 2909 1547 2972 paratum
1573 2906 1699 2951 erat

232 3014 253 3061 5
276 3002 499 3051 Necdum
514 2998 762 3069 notescitis
776 2999 903 3050 inter
973 3001 1022 3051 id
1056 3002 1121 3053 est
1143 3037 1158 3061 ,
1182 3018 1346 3068 patum
1383 3003 1540 3051 adbuc
1577 3010 1702 3048 noto

155 3068 211 3138 fe
235 3105 251 3127 ,
274 3090 327 3122 ut
358 3074 517 3144 fidere
550 3074 639 3123 alii
661 3075 773 3123 aliis
790 3069 899 3141 pos-
976 3076 1103 3125 inter
1133 3072 1187 3143 se
1209 3110 1222 3135 ‚
1253 3077 1316 3126 ita
1352 3091 1405 3124 ut
1435 3076 1518 3124 vix
1547 3071 1707 3142 fidem

151 3143 484 3215 fint.]Magis
501 3148 902 3213 placeretmgvr'x
978 3149 1068 3201 atii
1099 3150 1211 3201 aliis
1240 3148 1449 3219 peffent.

147 3219 575 3306 μ,ΕᾷιηρῳΝειτιζιιηι
595 3237 712 3275 ηοω
735 3217 858 3292 satis
882 3253 903 3299 ξ
1334 3287 1392 3351 N
1424 3228 1458 3303 ’'-

625 3307 640 3336 b
1423 3305 1464 3371 ¹1

1827 918 1836 945 Ι

5 3301 30 3326 μ
