2175 3875
368 191 426 259 L
476 208 504 257 1
556 204 600 254 B
656 204 700 255 E
751 203 833 255 a..
898 182 1351 255 XXXVI.
1517 200 1654 281 339

103 285 445 365 pulvinaria
462 285 737 345 dabuntur
761 284 828 341 de
845 281 1082 363 pecunia
1107 326 1127 356 ,
1153 280 1658 361 quamamsenams
1676 312 1907 376 &056¹-

111 367 436 429 decreverit.
479 365 744 448 Quisquis
780 363 1124 444 magzssratus
1159 384 1250 425 eos
1286 363 1449 424 ludos
1483 386 1658 443 quan·
1678 379 1909 448 a.C.191.

110 448 199 508 do
234 450 426 530 ubique
446 447 608 528 faxit
628 491 649 518 ,
675 447 733 506 lu·
773 445 894 505 ludi
930 447 1059 503 rel-Ze·
1075 441 1254 522 faffi,
1281 447 1532 525 donaque
1556 448 1664 506 da·-

114 545 188 587 ta
220 533 348 591 rec-22
370 529 558 610 fiunto.
594 525 959 608 Supplicatio
996 525 1133 585 inde
1163 525 1235 585 ab
1262 526 1491 587 duobus
1512 536 1665 587 con-'-

110 606 338 672 solibus
370 609 564 672 edi-fia
594 628 701 689 per
739 607 983 667 biduum
1003 607 1134 667 fuit.
1157 604 1508 669 Consulibus
1541 607 1667 668 sor·

106 692 242 753 titis
278 692 614 774 provincias
635 735 655 765 ,
699 689 1000 778 extemplo
1041 687 1107 747 δι
1164 707 1441 767 praetores
1481 688 1665 752 sortiti

106 770 277 834 sunt.
310 773 403 834 M.
448 772 623 834 Junio
668 770 850 835 Bruto
891 767 1201 848 jurisdiffio
1244 786 1487 850 utraque
1527 791 1675 832 eve-

112 855 217 913 ait
236 899 259 928 ‚
292 854 371 915 A.
394 851 684 916 Cornelio
726 851 1067 913 Mammulae
1095 849 1338 923 Bruttii,
1366 850 1458 913 M.
1478 851 1672 912 AEmi-

116 934 215 995 iio
251 932 476 1017 Lepido
512 933 700 997 Sicilia
721 978 742 1004 ‚
785 930 852 993 L.
882 930 1096 1014 Oppio
1135 930 1443 993 Salinatori
1474 931 1677 996 Sardi-

98 1017 230 1075 ·nia
266 1060 289 1088 ‚
342 1015 418 1078 C.
475 1015 648 1076 Livio
704 1013 1017 1075 Salinatori
1062 1010 1244 1073 claffis
1269 1060 1289 1089 ‚
1331 1011 1399 1073 L.
1435 1014 1674 1078 AEmilio

106 1094 337 1159 Paullo
366 1097 645 1180 Hispania
676 1095 938 1156 uiterior.
974 1094 1085 1155 His
1127 1097 1207 1155 ita
1245 1096 1530 1157 exercitus
1567 1098 1676 1159 de-

120 1181 303 1240 creti.
357 1179 437 1240 A.
492 1176 782 1241 Cornelio
846 1178 990 1236 novi
1055 1176 1268 1237 milites
1288 1221 1307 1250 ‚
1365 1175 1678 1260 conscripti

119 1262 333 1341 priore
386 1282 541 1321 anno
593 1279 668 1321 ex
698 1256 1196 1319 senatusconsulto
1238 1280 1273 1317 a
1307 1255 1382 1317 L.
1417 1256 1674 1338 Quintio

114 1340 372 1402 confide
396 1386 416 1416 ,
452 1342 570 1402 dati
588 1341 715 1401 sunt
734 1360 748 1397 ε
768 1337 1045 1420 jussusque
1074 1340 1222 1400 tueri
1247 1360 1488 1402 omnem
1510 1363 1677 1404 oram

114 1425 289 1483 circa
328 1421 657 1487 Tarentum
716 1419 1239 1500 Brundufiumque.
1303 1419 1373 1482 L.
1434 1421 1676 1485 AEmilio
1777 1435 1782 1439 ’

120 1502 339 1565 Paullo
374 1506 438 1564 in
476 1505 825 1564 ulteriorem*
854 1501 1193 1583 Hispaniam
1215 1545 1236 1574 ,
1286 1519 1500 1581 praeter
1540 1524 1678 1566 eum

118 1586 456 1647 exercitum
535 1602 669 1644 uem
705 1604 740 1643 a
781 1582 871 1644 M.
906 1580 1121 1645 Fulvio
1147 1599 1529 1663 propraetore
1572 1606 1680 1646 ac-
1699 1626 1740 1633 ι-

114 1684 413 1747 scepturus
533 1683 624 1738 et,
672 1663 974 1726 decretum
1002 1708 1022 1738 ,
1067 1679 1142 1723 ut·
1177 1684 1477 1727 novorum
1512 1666 1686 1726 mili--

108 1765 263 1808 -tum
298 1750 408 1808 tria
442 1748 622 1806 millia
656 1745 934 1818 duceret,
975 1746 1041 1808 &
1077 1761 1374 1806 trecentos
1411 1747 1636 1825 equites
1659 1786 1686 1823 ,-

122 1829 214 1888 ita
236 1844 303 1888 ut
327 1830 388 1888 in
421 1830 488 1888 iis
510 1828 640 1888 duae
672 1824 1125 1908 partesflsocifim
1160 1824 1353 1886 Latini
1391 1829 1681 1905 nominis,

112 1911 309 1973 tertia
344 1911 564 1971 civium
604 1907 1009 1974 Romanorum
1047 1905 1206 1970 effet.
1241 1905 1413 1970 Idem
1443 1906 1681 1990 supple·
1731 1912 1740 1925 '

120 1992 324 2054 menti
356 1991 434 2053 ad
474 1988 551 2054 C.
586 1989 931 2051 Flaminium
959 2034 978 2064 ‚
1004 1990 1097 2050 cui
1121 1992 1429 2071 imperium
1466 2011 1681 2071 proro-

168 2073 381 2134 abatur
405 2116 428 2144 ,
466 2074 530 2134 in
560 2070 903 2152 Hispaniam
938 2072 1270 2131 citeriorem
1311 2068 1395 2131 est
1429 2070 1678 2137 miffum.

206 2199 224 2214 .
287 2153 558 2218 AEmilius
603 2152 863 2234 Lepidus,
894 2174 929 2212 a
966 2151 1034 2212 L.
1074 2150 1321 2212 Valerio
1347 2196 1368 2225 ‚
1407 2156 1500 2214 cui
1524 2153 1676 2217 'suc-

72 2285 81 2290 -
118 2233 382 2297 cessurus
423 2233 604 2308 effet,
634 2234 796 2296 firmil
881 2234 1202 2295 rovinciam
1237 2236 1677 2319 exercitumque
1767 2277 1774 2286 =

118 2319 419 2397 accipere
440 2314 612 2397 juffus
646 2337 665 2376 ε
700 2314 773 2377 L.
796 2256 1102 2375 'valerium
1120 2358 1144 2388 ‚
1169 2312 1222 2373 ,si
1240 2316 1316 2375 ita
1336 2315 1637 2379 videretur
1653 2364 1675 2395 ‚

119 2416 500 2483 propraetore
542 2399 602 2457 in
641 2397 946 2478 provincia
985 2397 1278 2467 retinere3
1321 2396 1386 2458 &
1423 2402 1675 2479 provin-

123 2483 289 2543 ciam
334 2480 414 2539 ita
435 2477 695 2539 dividere
716 2524 738 2551 ‚
777 2495 845 2538 ut
860 2498 975 2539 una
1008 2477 1082 2536 ab
1121 2476 1448 2617 Agdssento
1475 2481 1549 2541 ad
1569 2479 1676 2543 Pa-

120 2563 398 2644 chynum
437 2558 576 2622 ess'et
601 2605 620 2634 ,
659 2560 839 2619 altera
876 2581 908 2620 a
942 2557 1221 2638 Pachyno
1319 2560 1676 2639 yndarium3

122 2665 271 2707 eam
313 2644 664 2703 maritimam
704 2660 869 2702 oram
913 2639 981 2700 L.
1020 2638 1293 2699 Valerius
1327 2641 1534 2723 viginti
1562 2666 1676 2705 na-

118 2726 309 2789 vibus
342 2724 530 2807 longis
552 2720 886 2783 custodiret.
922 2718 1132 2780 Eidem
1156 2724 1391 2800 praetori
1428 2726 1678 2787 manda-

120 2826 301 2880 mm,
340 2821 406 2865 ut
455 2824 481 2864 1
543 2804 684 2864 duas
725 2804 998 2864 decumas
1038 2801 1314 2863 frumenti
1359 2806 1621 2888 exigeret
1654 2828 1673 2868 z

207 2942 235 2979 1
263 2927 411 2979 Duas
431 2929 645 2978 decumas
654 2927 872 2993 fiumen·
944 2926 1224 2991 reipublicae
1278 2941 1542 2997 cogeretur
1562 2965 1579 2990 ‚
1620 2947 1676 2983 ut

126 3002 215 3069 αἱ]
242 3002 426 3053 Obiter
450 3002 780 3052 annotandum
802 2999 871 3052 vi·
947 2998 1238 3050 decerneret
1253 3033 1269 3059 ,
1285 3004 1516 3054 utalterae
1529 3004 1678 3054 decu·

127 3077 310 3135 detur,
326 3076 461 3144 quod
477 3074 675 3126 testatur
688 3073 873 3124 Cicero
946 3089 1041 3123 mae
1056 3073 1369 3141 exigerentur
1380 3110 1398 3132 ,
1419 3076 1485 3125 ita
1506 3076 1678 3127 decer.

112 3149 167 3200 Ἰ.
191 3150 305 3210 111,
333 3151 381 3201 in
403 3151 617 3203 Verrem
640 3183 655 3205 ‚
687 3168 738 3200 n.
763 3163 834 3206 42
854 3181 870 3207 ,
947 3162 1068 3197 nere
1113 3148 1300 3198 solitum
1320 3185 1337 3210 ,
1378 3161 1434 3199 ut
1472 3149 1678 3213 pecunia

127 3224 350 3278 senatum
366 3259 382 3287 ,
404 3241 553 3294 quum
572 3222 873 3291 temporinus
947 3238 1039 3289 pro
1056 3219 1130 3275 his
1164 3221 1378 3274 decumis
1406 3220 1680 3275 solveretur
