2175 3875
449 196 586 275 Li
638 212 682 265 Β
736 164 780 268 E
830 217 878 265 R
973 178 1418 265 xxxvi·
1572 213 1700 285 391

175 287 400 366 tioniS,
434 312 564 373 quae
624 292 686 354 δι
748 292 901 377 ipsos
937 289 1251 364 affecerat,
1296 290 1402 377 ubi¹
1432 286 1714 350 Romanis
1729 306 1958 370 u,c,561,

170 368 385 431 datum
423 374 680 454 receptui
722 372 945 456 fignum
984 370 1166 446 esset,
1195 371 1359 432 velut
1412 369 1517 452 ipfi
1564 374 1960 450 quo-a.C.191.‘

177 470 297 530 que
332 454 447 515 hoc
479 457 776 529 revocati,
818 475 928 536 pto
972 453 1036 514 *se
1077 452 1315 536 quisque
1351 473 1423 513 ex
1463 451 1728 512 stationi-

173 531 290 591 bus
337 535 703 597 decedebant
729 558 744 595 ε
769 556 881 596 nec
913 550 1049 596 ante
1083 536 1315 596 tertiam
1349 534 1465 595 diei
1505 533 1717 594 horam

170 618 387 675 armati
421 620 484 677 in
520 620 696 679 muris
741 617 1118 709 apparebant.

262 694 495 759 XXIV.
531 697 756 760 Consul
789 718 969 779 quum
1002 697 1178 760 noae
1219 696 1417 758 medi&
1454 698 1718 758 intermi-

167 772 326 838 fiffet
367 801 529 862 oppu
572 782 910 855 nationem,
943 780 1147 862 quarta
1187 779 1388 860 vigilia
1426 777 1605 838 rursus
1638 778 1714 838 ab

171 858 361 943 tribu}
398 864 547 943 parti
590 884 657 924 us
691 861 914 922 summa
934 865 996 922 vi
1025 859 1316 947 aggressus
1338 906 1357 933 ,
1384 861 1456 920 ab
1480 880 1592 920 una
1612 859 1714 921 Ti.

126 958 143 969 ”
172 935 592 1021 Sempronium
625 962 826 1005 tenere
858 946 1118 1005 intentos
1137 942 1349 1002 milites
1372 941 1714 1025 signumque

170 1020 577 1103 exspeflante‘s
614 1023 766 1104 juffit
789 1070 809 1100 ,
848 1025 923 1105 ad
943 1045 1014 1085 ea
1035 1069 1056 1099 ‚
1087 1026 1147 1085 in
1184 1022 1467 1084 nocturno
1499 1023 1716 1083 tumul-

165 1118 236 1162 tu
257 1147 278 1175 ,
308 1107 467 1170 unde
489 1107 712 1166 clamor
734 1107 1101 1167 exaudiretur
1118 1151 1137 1178 ,
1173 1105 1329 1165 haud
1366 1105 1539 1164 dubie
1561 1123 1713 1165 ranis

165 1182 377 1248 hostes
418 1186 816 1248 concursuros».
834 1186 1022 1266 ⁴AEtoli
1046 1206 1178 1269 pars
1210 1187 1378 1268 sopiti
1410 1183 1713 1247 affectata-

166 1261 327 1326 bore
364 1289 431 1328 ac
465 1271 673 1355 vigiliis
718 1289 965 1350 corpora
1012 1286 1085 1329 ex
1120 1267 1330 1329 somno
1373 1264 1710 1329 molieban-

164 1362 270 1406 tur
310 1366 326 1405 t
376 1371 504 1430 pars
545 1351 852 1433 vigilantes
902 1347 1089 1410 adhue
1144 1349 1218 1409 ad
1253 1346 1567 1431 'strepitum
1601 1369 1713 1429 pu-

161 1431 472 1508 gnantium
527 1432 587 1492 in
636 1432 890 1492 tenebris
941 1448 1196 1492 currunt.
1238 1428 1452 1490 Hostes
1500 1432 1712 1510 partim

156 1520 283 1588 'per
322 1514 511 1572 ruinas
558 1511 799 1592 jacentis
839 1512 986 1572 muri
1030 1507 1455 1573 transscendere
1484 1526 1728 1570 conam*

167 1605 267 1649 tur
305 1610 320 1650 :
367 1589 578 1674 partim
625 1592 781 1663 scalis
826 1591 1086 1654 ascensus
1124 1607 1386 1663 tentant3
1432 1589 1712 1652 adversim

169 1691 327 1752 quos
375 1674 634 1756 undique
686 1675 775 1736 'ad
838 1695 1018 1756 opem
1057 1672 1358 1735 ferendam
1402 1689 1712 1733 occurrunt

166 1751 381 1823 AEtoli.
417 1755 552 1816 Pars
588 1777 734 1829 una,
762 1758 823 1816 in
864 1777 978 1837 qua
1016 1753 1260 1814 aedificia
1298 1770 1460 1814 extra
1506 1753 1711 1812 urbem

165 1846 338 1896 ‘erant
360 1878 380 1910 ,
420 1858 615 1920 neque
659 1836 1034 1910 defenditur,
1068 1857 1146 1898 ne
1190 1856 1262 1896 ue
1300 1850 1708 1916 oppugnatur:

162 1913 266 1976 sed
309 1919 408 2000 qui
429 1941 591 2001 oppu
624 1920 881 1994 natent,
911 1921 1119 1980 intenti
1182 1942 1214 2000 ι,
1244 1936 1381 1977 num
1411 1912 1709 1997 exspesta-

162 1996 350 2074 bant;
392 1941 667 2067 defenstgn·
717 2021 901 2062 nemo
944 2002 1165 2061 aderat.
1241 2020 1335 2060 am
1386 1997 1707 2060 dilucesce-
1801 2064 1809 2076 ,

156 2080 309 2154 bat,
353 2102 535 2163 quum
570 2083 793 2166 signum
838 2081 1037 2144 consul
1072 2082 1233 2143 dedit
1264 2103 1280 2141 ε
1328 2081 1392 2142 &
1432 2080 1551 2143 fine
1581 2082 1703 2143 ullo

162 2167 490 2241 ⁸certamine
534 2167 742 2245 partim
797 2184 904 2245 per
941 2164 1243 2238 semiruta,
1287 2165 1498 2245 partim
1542 2162 1700 2225 scalis
1717 2185 1946 2260 Eecapie.

164 2243 429 2326 integros
457 2266 656 2307 muros
690 2244 1133 2307 transscendere.
1159 2245 1339 2308 Simul
1370 2246 1589 2307 clamor
1608 2250 1701 2306 in-

169 2325 284 2386 dex
326 2329 545 2407 captio
591 2327 711 2409 pidi
747 2326 829 2388 est
868 2328 1167 2389 exauditus
1193 2374 1213 2403 ‚
1246 2325 1499 2409 undique
1534 2327 1713 2390 AEto-

163 2407 205 2467 li
255 2406 493 2469 desertis
585 2410 874 2471 ationibus
925 2411 985 2467 in
1027 2429 1223 2469 arcem
1269 2408 1518 2492 fugiunt.
1569 2410 1708 2492 Op·

165 2488 373 2570 pidum
411 2489 704 2564 νίἆὶοτες,
736 2488 1006 2572 permissu
1048 2490 1294 2551 confidis
1317 2536 1337 2561 ‚
1382 2492 1655 2572 diripiunt
1688 2515 1706 2553 z
1741 2539 1746 2546 .

163 2591 287 2631 non
331 2587 452 2631 tam
492 2572 564 2632 ab
600 2574 723 2648 ira,
758 2592 869 2631 nec
909 2572 982 2632 ab
1019 2571 1202 2647 odio,
1236 2572 1409 2653 quam
1450 2594 1511 2633 ut
1535 2576 1706 2635 miles

165 2654 455 2713 co'e'rcitus
496 2654 558 2713 in
602 2669 693 2714 tot
725 2673 856 2714 rece
904 2656 979 2728 tis>
1011 2652 1258 2714 hostium
1299 2655 1533 2715 urbibus
1555 2700 1574 2729 ‚
1604 2656 1708 2716 ali-

164 2754 289 2815 quo
315 2734 551 2795 tandem
576 2733 714 2795 loco
747 2733 838 2794 fru
935 2756 993 2795 m
1028 2733 1282 2796 victoriae.
1302 2734 1555 2798 sentiret.
1578 2734 1704 2796 Re-

164 2834 417 2876 vocatos
452 2816 590 2876 inde
614 2839 662 2876 a
684 2817 887 2894 ‚medio
927 2816 1113 2878 ferme
1149 2816 1244 2878 die
1281 2819 1490 2878 milites
1518 2837 1698 2899 quum

166 2898 224 2956 in
268 2896 417 2957 duas
455 2895 722 2958 divififfet
742 2916 934 2980 partes
957 2943 977 2973 ,
1014 2918 1190 2958 unam
1218 2897 1504 2959 radicibus
1525 2918 1701 2962 mon-

167 2980 311 3038 tium
354 2977 705 3056 circumduci
741 2977 815 3054 ad
854 2998 1058 3060 rupem
1084 2975 1234 3057 juffit
1256 3024 1275 3053 ,
1315 2997 1440 3059 quae
1473 2977 1700 3060 fastigio

162 3060 481 3121 altitudinis
516 3057 624 3141 par
651 3105 671 3135 ,
709 3060 900 3122 media
943 3061 1097 3121 valle
1139 3060 1303 3122 velut
1341 3060 1581 3137 abrupta
1626 3059 1702 3119 ab

165 3162 294 3204 arce
327 3159 492 3216 erat3
529 3140 631 3202 sed
664 3142 816 3202 adeo
854 3162 1043 3222 prope
1082 3144 1368 3224 geminata
1402 3140 1698 3201 cacumina

165 3243 366 3289 eorum
391 3224 687 3287 montium
703 3222 840 3298 *sunt
864 3267 885 3299 ,
921 3243 982 3285 ut
1004 3243 1083 3288 ex
1098 3221 1527 3360 verticizal'tero
1547 3240 1697 3283 con-

1384 3322 1450 3364 xv
