2175 3875
518 293 663 372 354
859 232 1776 347 T1TrL1v‘11'

275 373 661 453 U.c.560.boeae
701 370 783 434 est
815 375 961 433 mari
1005 370 1293 452 trajeRus.
1334 373 1458 433 Ubi
1494 372 1531 435 8
1561 358 1635 434 Ιὃζ
1678 377 1741 433 in
1784 369 1935 434 fano
1976 370 2061 432 lu·

275 456 505 521 ahc-192.

517 474 712 537 coque
727 501 747 531 ,
780 456 851 517 ea
871 456 1156 536 religione
1178 455 1241 515 &
1264 474 1340 515 eo
1361 454 1489 534 jure
1516 454 1714 515 sancio
1729 499 1752 527 ‚
1784 475 1912 535 quo
1933 453 2058 515 sunt

515 539 738 618 templa
760 583 778 610 ‚
818 535 1022 619 (asyla
1070 535 1269 597 Graeci
1299 537 1595 618 appellant
1689 536 1760 596 ὅτ.
1792 536 2088 595 nondum·

516 636 614 679 aut
650 619 864 679 indicio
887 618 1045 679 bello
1070 663 1090 692 ‚
1124 634 1222 678 aut
1252 620 1330 678 ita
1372 620 1587 679 commi
1636 640 1714 691 o,
1751 634 1818 676 ut
1841 615 2060 678 striRos

516 700 779 783 gladios,
824 719 862 779 9
899 718 997 760 aut
1029 698 1365 781 sanguinem
1404 699 1642 782 usquam
1686 696 1908 759 facium
1951 720 2058 758 au-

517 779 755 856 diffent,
794 802 974 861 quum
1002 801 1110 864 per
1143 801 1419 862 magnum
1447 785 1632 842 otium
1668 780 1919 850 milites,
1970 779 2057 839 alii

482 918 489 925 ,
516 864 590 923 ad
621 862 1004 944 spefiaculum
1026 863 1234 943 templi
1259 864 1491 945 lucique
1522 859 1673 923 versi
1694 906 1714 934 ,
1754 861 1853 920 alii
1891 862 1954 919 in
1974 861 2058 920 lit-

318 1764 509 1818 Chalci·

278 1841 382 1892 dem
406 1841 511 1889 An·

277 1913 460 1965 tiochus

278 2003 499 2057 occupat.

514 962 645 1006 tore
666 946 920 1006 inermes
948 963 1295 1027 vagarentur
1314 989 1334 1019 ,
1370 964 1581 1027 magna
1593 963 1734 1025 vpars
1757 962 1866 1023 per
1888 962 2058 1023 agros

514 1025 577 1086 li'
602 1044 802 1086 natum
848 1024 1300 1108 pabulatumque
1345 1025 1562 1108 dilapsa
1601 1021 1783 1097 essf&
1816 1024 2056 1102 repente

593 1110 839 1189 enippus
884 1108 1114 1190 palatos
1162 1105 1366 1188 paflim
1401 1104 1685 1190 aggressus
1735 1123 1762 1162 1
1805 1123 1914 1164 eos
1959 1124 2055 1164 ce·

515 1188 656 1249 cidit
682 1235 706 1262 ,
739 1189 813 1249 ad
861 1192 1277 1272 quinquaginta
1321 1191 1497 1250 vivos
1542 1189 1741 1269 cepit;
1781 1186 2053 1266 perpauci

516 1266 846 1352 effugerunt
892 1292 907 1330 z
960 1272 1022 1330 in
1109 1272 1274 1331 uibus
1307 1269 1526 1331 Miaio
1569 1269 1755 1351 parva
1799 1266 2060 1327 oneraria

513 1370 667 1412 nave
715 1370 1018 1432 exceptus.
1062 1292 1148 1413 {a
1188 1372 1280 1414 res
1333 1352 1584 1432 Quintio
1621 1346 2053 1428 Romanisque,

513 1429 658 1494 ficut
705 1431 921 1513 jactura
965 1435 1212 1494 militum
1263 1432 1502 1494 molesta
1530 1478 1548 1507 ‚
1587 1434 1666 1491 ita
1690 1430 1767 1490 ad
1801 1426 2060 1509 jusinfe-

516 1514 684 1575 rendi
712 1515 1014 1576 Antiocho
1050 1516 1193 1576 belli
1231 1510 1499 1594 adjeciss'e
1519 1513 1881 1593 aliquantum
1900 1508 2059 1570 vide-

515 1595 706 1657 batur.
747 1595 1073 1657 Antiochus
1119 1596 1364 1657 admoto
1409 1595 1480 1655 ad
1522 1593 1803 1655 Aulidem
1840 1592 2056 1652 exerci-

518 1691 585 1738 tu
608 1721 628 1752 ,
665 1697 843 1758 quum
878 1676 1059 1738 rursus
1093 1694 1359 1738 oratores
1388 1678 1601 1758 partim
1639 1694 1714 1735 ex
1748 1673 1859 1734 suis
1879 1717 1901 1746 ,
1932 1693 2058 1753 par-

523 1760 628 1819 tim
656 1758 895 1820 AEtolos
934 1756 1280 1820 Chalcidem
1322 1756 1586 1832 mififfet·,
1612 1757 1713 1838 qui
1735 1755 1945 1816 eadem
1965 1753 2055 1814 illa

525 1860 651 1921 quae
696 1861 882 1923 nuper
909 1861 1044 1900 cum
1068 1841 1239 1916 minis
1262 1839 1626 1921 gravioribus
1650 1853 1929 1919 agerent,
1951 1854 2056 1895 ne-

528 1896 838 2004 quicffuam
871 1921 1075 1983 contra
1124 1919 1408 1984 Mifflone
1445 1922 1508 1982 &
1551 1917 1885 1981 Xenoclide
1925 1934 2056 1978 ten-

526 2004 797 2066 dentibus
819 2051 837 2080 ,
870 2004 1036 2065 facile
1069 2006 1290 2076 tenuit,
1319 2022 1383 2065 ut
1418 2021 1603 2085 portae
1629 2000 1734 2078 fibi
1758 2001 2058 2081 aperiren-

521 2103 634 2147 tur.
679 2086 804 2167 Qui
839 2085 1127 2148 Romanae
1166 2086 1343 2166 partis
1383 2103 1547 2146 erant
1570 2129 1590 2159 ,
1615 2083 1718 2144 sub
1742 2082 2060 2142 adventum

520 2170 674 2249 regis
696 2212 715 2241 ‚
752 2167 893 2227 urbe
945 2166 1324 2228 excesserunt.
1364 2166 1721 2228 Achaeorum
1750 2166 1816 2225 &
1848 2162 2062 2223 Eume·

521 2251 611 2308 nis
674 2247 886 2308 milites
943 2248 1227 2331 Salganea
1278 2249 1583 2323 tenebant..
1630 2244 1807 2308 Erin
1844 2243 2060 2324 Euripo

519 2327 814 2390 castellum
853 2328 1120 2390 Romani·
1144 2330 1355 2391 milites
1391 2332 1561 2412 pauci
1589 2326 1863 2388 custodiae
1899 2323 2062 2386 caus?⁴

517 2411 637 2471 loci
674 2411 1170 2472 communiebant.
1218 2410 1504 2496 Salganea
1558 2409 1725 2471 Meni
1772 2430 1917 2490 pus,
1955 2423 2052 2468 rex

519 2493 540 2551 i
586 2491 659 2551 se‘
700 2491 996 2552 castellum
1039 2491 1242 2573 Euripi
1298 2512 1642 2575 oppugnare
1682 2509 1717 2551 e
1809 2491 2060 2552 adortus.

570 2575 752 2633 riores
786 2572 985 2636 Achaei
1017 2574 1083 2635 &
1116 2572 1393 2635 Eumenis
1417 2575 1629 2635 milites
1649 2571 1799 2654 paffl
1823 2616 1842 2647 ,
1863 2589 1926 2632 ut
1946 2568 2060 2628 fine

522 2652 726 2717 fraude
763 2655 967 2717 liceret
995 2656 1156 2717 abire
1176 2701 1195 2731 ‚
1231 2656 1494 2739 praefidio
1528 2653 1908 2718 excesserunt.
1929 2650 2061 2712 Per·

557 2850 562 2856 .
598 2806 629 2858 8
651 2806 722 2857 Et
740 2806 790 2858 in
809 2805 933 2874 fano
952 2806 1180 2873 lucoque.
1202 2840 1217 2855 .
1235 2838 1253 2858 .
1404 2819 1437 2869 9
1476 2804 1577 2855 Aut
1604 2801 1946 2873 sanguinem...
1968 2796 2057 2864 fh·

525 2879 573 2929 6·
603 2883 805 2931 nondum
837 2895 920 2929 aut
953 2881 1125 2931 indic‘lo
1155 2879 1258 2929 bel·
1332 2878 1503 2944 aum-J
1531 2879 1628 2928 Sic.
1653 2880 1706 2927 .l.
1752 2879 1798 2927 11
1825 2912 1841 2936 ,
1877 2894 1925 2927 c.
1964 2885 2050 2937 30·

524 2954 637 3019 100]
664 2956 792 3005 Duae
814 2968 953 3005 erant
982 2954 1135 3004 causae
1155 2987 1169 3013 ,
1191 2955 1254 3002 ob
1331 2950 1451 3003 Plus
1465 2949 1711 3021 sanguinis
1728 2986 1746 3001 .
1762 2986 1776 3001 .
1795 2949 2016 3016 ‚fil-lum.

525 3043 645 3095 quas
681 3027 887 3078 Romani
938 3027 1094 3078 securi
1128 3028 1254 3093 pala·
1369 3047 1384 3060 ·
1410 3041 1433 3076 1
1461 3023 1562 3075 Eos
1584 3024 1815 3091 addin]
1848 3023 1901 3075 In
1933 3032 2054 3071 voce

525 3115 696 3152 rentur
739 3118 754 3152 z
796 3103 906 3166 quia
968 3117 1145 3166 nempe
1203 3100 1254 3151 &
1331 3117 1409 3151 eos
1445 3099 1731 3165 suspicamur
1753 3100 1903 3148 latete
1923 3109 2056 3144 men·

522 3187 665 3224 erant
690 3173 740 3224 in
768 3174 879 3224 fano
904 3175 1119 3240 lucoque
1150 3173 1255 3224 san·
1331 3174 1442 3223 dum
1465 3190 1481 3224 t
1507 3174 1557 3225 &
1581 3173 1768 3224 Livium
1790 3169 2052 3238 exprimere

522 3245 716 3297 ffissimo
752 3279 769 3304 ‚
814 3247 865 3298 &
913 3248 1094 3299 bellum
1131 3264 1256 3302 non·
1329 3245 1531 3297 voluifl'e
1581 3262 1837 3297 numerum
1887 3252 2052 3297 eorum

522 3318 640 3367 dum
675 3318 902 3372 indictum
940 3332 1066 3375 crat.
1155 3309 1178 3332 ⁴*
1281 3339 1284 3348 ⁴
1331 3320 1414 3401 qui
1443 3318 1549 3372 caefi
1585 3320 1715 3392 sunt.
