2175 3875
546 197 1733 275 *120fT11-1Lrv-11
1989 260 1996 268 .

300 296 800 384 u,e,555‚oppida‚
830 294 1134 356 hominum
1171 294 1377 375 viginti
1420 294 1596 353 millia
1633 291 1746 354 esse
1784 291 2064 356 diceban-⁴·
2161 347 2162 350 ,

262 387 525 462 „a.C.197.
542 399 633 441 tur
659 424 678 453 ‚
718 398 846 459 quae
872 377 929 437 se
967 375 1329 436 dediderant.
1368 373 1511 435 Inde
1544 378 1604 434 in
1639 395 1844 458 agrum
1882 376 2082 444 Βοῖος
2161 385 2162 408 ¹

524 483 669 523 ·rum
700 460 755 518 le
800 462 965 519 iones
997 457 1178 517 duxit.

618 539 736 601 XX
802 582 818 600 .
847 538 1131 599 Boiorum
1154 538 1438 599 exercitus
1463 535 1617 595 haud
1653 536 1732 597 ita
1755 537 1944 597 multb
1968 549 2086 599 art-2*

541 622 601 683 te
633 619 939 700 trajecerat
971 618 1230 692 Padum,
1263 617 1640 699 iunxeratque
1665 616 1720 677 se
1746 618 2082 681 Insubribus

543 699 607 763 &
643 700 1041 775 Cenomanis,
1077 700 1240 783 quod
1276 702 1355 759 ita
1393 718 1735 779 acceperant
1757 744 1776 773 ‚
1821 698 2086 771 conjun-

545 783 648 844 &is
675 783 1003 865 legionibus
1025 782 1286 842 consules
1312 800 1435 840 rem
1458 777 1714 861 gesturos
1737 825 1755 851 ,
1784 798 1848 838 ut
1874 782 1939 840 ὃ(
1968 779 2083 860 ipsi

546 866 785 925 c‘ollatas
819 867 879 923 in
916 882 1097 923 unum
1144 863 1297 923 vires
1332 859 1647 921 firmarent.
1691 857 2084 942 Posteaquam
2161 901 2162 906 κ

542 941 700 1005 fama
731 944 974 1017 accidit,
1012 944 1257 1003 alterum
1280 941 1572 1002 consulem
1596 939 1879 1000 Boiorum
1907 960 2083 1003 urere

456 1044 461 1047 ’
489 1097 498 1103 .
544 1047 716 1109 agros
735 1071 754 1098 ,
783 1025 984 1086 seditio
1008 1023 1305 1104 extemplo
1323 1041 1450 1099 orta
1470 1020 1571 1083 est.
1597 1020 1886 1082 Postulare
1908 1020 2086 1099 Boii,

543 1123 609 1169 ut
647 1108 1038 1168 laborantibus
1071 1124 1254 1185 opem
1272 1101 1518 1165 univerfi
1548 1102 1786 1163 ferrent.
1810 1101 2082 1165 Insubres

543 1198 760 1272 negare
781 1189 836 1249 se
861 1187 955 1260 sua
970 1184 1313 1249 deserturos.
1337 1181 1427 1244 Ita
1442 1183 1632 1244 divisae
1648 1185 1830 1263 copiae
1843 1230 1863 1259 ‚
1885 1181 2084 1244 Boiis-

544 1283 661 1349 que
693 1272 750 1328 in
789 1287 991 1350 agrum
1026 1267 1187 1330 suum
1224 1265 1528 1327 tutandum
1566 1264 1875 1346 profeffis‚
1905 1263 2083 1325 Insu-

539 1343 676 1409 br'es
717 1369 850 1409 cum
875 1344 1236 1410 Cenomanis
1275 1345 1443 1428 supet·
1481 1349 1665 1406 amnis
1699 1345 1903 1406 Mincii
1921 1347 2086 1426 ripas

544 1428 952 1491 consederunt.
986 1426 1145 1489 Infra
1182 1441 1317 1487 eum
1358 1428 1557 1487 locum
1606 1429 1857 1507 quinque
1895 1427 2082 1489 millia

543 1509 804 1592 passuum
829 1512 893 1571 ὅ(
929 1507 1124 1570 consul
1164 1506 1474 1569 Cornelius
1512 1507 1704 1568 eidem
1729 1508 1953 1567 flumini
1976 1529 2082 1567 ca-

528 1591 656 1652 -stra
702 1592 981 1673 applicuit
1014 1611 1033 1650 z
1068 1589 1205 1650 inde
1237 1589 1530 1650 mittendo
1562 1591 1620 1648 in
1656 1591 1822 1651 vicos
1859 1585 2080 1650 Ceno-

545 1692 854 1734 manorum
877 1669 1280 1753 Brixiamque,
1317 1671 1480 1754 quod
1506 1685 1678 1752 caput
1696 1672 1883 1753 gentis
1908 1685 2034 1730 erat
2054 1715 2079 1745 ,

544 1771 609 1813 ut
649 1752 776 1812 satis
811 1756 1135 1833 comperit,
1165 1774 1286 1814 non
1318 1772 1393 1813 ex
1425 1750 1759 1813 austeritate
1782 1750 2081 1812 seniorum

542 1832 912 1916 juventutem
949 1838 1007 1895 in
1047 1837 1219 1894 armis
1257 1831 1370 1895 esse
1394 1878 1415 1907 ,
1459 1854 1571 1894 nec
1608 1833 1844 1914 publico
1882 1830 2080 1893 confi·

545 1918 627 1979 lio
662 1916 981 1978 Insubrium
1007 1914 1320 1995 defeffioni
1353 1913 1734 1977 Cenomanos
1766 1913 1823 1976 se
1861 1910 2080 1991 adjun-
2143 1915 2146 1918 ’

543 1998 722 2071 xiss'e3
753 2000 952 2059 excitis
976 1998 1047 2058 ad
1075 1997 1133 2058 se
1154 1999 1504 2080 principibus
1519 2042 1540 2071 ‚
1559 1997 1620 2057 id
1641 2014 1814 2078 agere
1845 2016 1910 2055 ac
1931 2014 2081 2056 mo-

543 2080 633 2140 liri
663 2082 844 2159 coepit
864 2124 884 2152 ,
914 2095 974 2137 ut
1004 2077 1384 2139 desciscerent
1409 2078 1480 2139 ab
1505 2077 1823 2138 Insubribus
1857 2074 2080 2137 Ceno·-

546 2161 750 2230 mani,
793 2159 857 2218 δι
891 2157 1062 2240 fignis
1094 2159 1325 2220 sublatis
1348 2205 1367 2234 ‚
1395 2179 1491 2220 aut
1524 2159 1737 2219 domos
1777 2154 2078 2233 redirent,

546 2259 647 2302 aut
690 2238 770 2320 ad·
798 2238 1102 2320 Romanos
1126 2236 1450 2300 transirent.
1489 2239 1661 2300 Et'id
1701 2239 1933 2322 quidem
1954 2240 2078 2298 im·
2161 2270 2162 2275 κ

482 2370 491 2377 .
545 2318 758 2403 petrari
807 2323 1024 2401 nequiit
1063 2341 1080 2380 t
1118 2323 1176 2380 in
1219 2321 1280 2380 id
1325 2322 1490 2417 data*
1513 2319 1657 2382 fides
1694 2318 1910 2383 consuli
1949 2319 2032 2379 est
2056 2365 2078 2396 ,

544 2423 611 2464 ut
649 2403 706 2462 in
744 2405 868 2462 acie
901 2421 998 2460 aut
1038 2401 1437 2483 quiescerent,
1484 2420 1580 2462 aut
1609 2447 1628 2476 ‚
1660 2400 1702 2460 si
1744 2422 1855 2483 qua
1896 2402 2078 2461 etiarn

486 2557 501 2561 „
546 2481 777 2545 occafio
816 2478 1041 2555 fuifl'et,
1076 2481 1420 2562 adjuvarent
1455 2481 1790 2543 Romanos.'
1813 2480 1964 2541 Haec
1996 2480 2080 2541 ita

543 2560 876 2626 conveniss‘e
916 2561 1177 2626 Insubres
1201 2565 1548 2645 ignorabant
1576 2586 1592 2625 τ
1620 2563 1844 2624 suberat
1875 2578 2079 2633 tamen
2161 2566 2162 2573 ’

586 2646 807 2723 uaedam
827 2642 1065 2724 suspicio
1085 2648 1288 2706 animis
1307 2689 1328 2719 ‚
1346 2647 1536 2706 labare
1557 2643 1739 2705 fidem
1763 2643 2081 2705 sociorum.

542 2665 746 2806 {aque
774 2743 952 2804 quum
995 2726 1053 2795 iri
1090 2729 1287 2797 aciem„
1316 2722 1672 2799 eduxissent,
1709 2743 1981 2786 neutrum
2010 2726 2082 2785 iis

495 2826 513 2835 “⁴
545 2827 728 2870 cornu
764 2808 1132 2868 committere
1165 2805 1312 2880 ausi,
1349 2828 1425 2868 ne
1446 2852 1467 2880 ‚
1493 2806 1538 2869 fi
1578 2807 1721 2871 dolo
1755 2801 2041 2867 ceffiss'ent
2058 2806 2092 2878 ‚⁴

545 2907 675 2951 rem
719 2903 904 2948 totam
945 2887 1323 2962 inclinarent,
1367 2886 1496 2969 post
1532 2886 1689 2969 signa
1719 2888 1777 2946 in
1818 2884 2086 2946 subsidiis

545 2987 652 3030 eos
685 2967 1035 3030 locaverunt.
1077 2958 1297 3030 Consul
1383 2971 1524 3029 rinei
1564 2971 1625 3028 io
1657 2990 1734 3050 pu
1776 2984 1874 3027 ηε
1905 2969 2085 3043 vovit

545 3050 755 3112 adem*
779 3047 1019 3131 Sospitae
1043 3048 1258 3110 Junoni
1278 3096 1298 3126 ,
1315 2992 1382 3110 Χ
1406 3069 1484 3111 eo
1551 3048 1605 3111 ie
1631 2988 1821 3110 herges
1845 3046 1955 3108 fufi
1983 3047 2081 3108 fu·

408 3180 412 3187 ‚
542 3133 781 3219 gaique
800 3127 1001 3195 essent„
1013 3129 1068 3189 A
1085 3124 1856 3192 miliribusclamorssublai'us
1870 3174 1890 3202 ‚
1908 3146 2084 3188 com-

477 3271 483 3276 .
542 3213 935 3297 punemrvoti-
961 3211 1354 3293 consumpse
1387 3211 1678 3291 facturos,
1711 3221 1773 3276 δε
1819 3213 2078 3304 impetus

1635 3356 1641 3361 .
2013 3308 2080 3357 112
