2175 3875
336 219 395 289 1,
446 229 474 286 1
529 234 574 286 n
626 236 672 287 E
719 199 768 287 i<
864 214 1353 287 xxxvu.
1503 235 1655 316 457

111 312 280 374 'diem
318 312 542 374 claffem
572 311 721 375 stare
740 312 1068 384 adinsulam
1096 311 1322 373 Macrin
1341 355 1361 385 ,
1390 310 1454 374 &
1477 316 1902 400 paulou‚0562·,·

112 395 255 477 ante
287 395 431 460 visas
469 394 745 478 quasdam
788 397 1017 455 moveri
1044 409 1319 475 tanquam
1358 394 1432 454 ad
1461 398 1656 476 profe-
1672 403 1901 471 a.C.190.

119 476 380 538 &ionem
417 497 616 537 naver».
657 476 747 538 Re
780 475 963 538 subita
996 476 1297 557 perculsus*
1317 495 1533 557 praetor
1557 497 1659 540 tu·-

112 553 335 620 bicines
374 579 583 619 canere
621 556 789 639 jubet
809 604 829 631 ,
858 576 921 618 ut
944 556 986 618 fi
1016 563 1113 639 qui
1155 580 1264 639 per
1285 579 1456 641 agros
1482 561 1660 640 palati
1748 607 1754 612 ·

109 637 337 715 effent,
372 640 629 702 redirent
670 662 685 700 ε
724 639 985 701 tribunos
1019 642 1077 699 in
1121 641 1327 703 urbem
1371 643 1548 701 mittit
1586 642 1662 704 ad

105 722 423 803 cogendos
481 723 696 781 milites
753 721 1064 802 nautasque
1124 723 1182 781 in
1237 737 1439 782 naves.
1481 721 1723 785 Haud*

106 800 280 863 secus
320 802 495 884 quam
540 806 606 868 in
648 806 956 883 repentino
996 803 1273 883 incendio
1301 846 1321 875 ,
1359 820 1457 863 aut
1488 806 1662 886 capta

107 885 264 944 urbe
286 929 306 956 ,
354 883 679 963 trepidatur
721 905 736 942 τ
779 885 907 944 aliis
944 886 1010 944 in
1045 885 1255 944 urbem
1293 888 1660 948 currentibus
1729 933 1739 944 .

13 967 18 968 ⁷
115 963 200 1023 ad
230 963 359 1025 suos
399 965 807 1040 revocandos»,
837 965 969 1025 aliis
1005 983 1078 1026 ex
1116 966 1257 1026 urbe
1286 987 1465 1027 naves
1495 968 1660 1029 cursu
1710 1035 1711 1042 χ

112 1048 522 1127 repetentibus
554 1068 573 1106 ι
610 1045 953 1128 incertisque
1008 1047 1356 1107 clamoribus
1398 1046 1426 1126 (
1446 1050 1660 1131 quibus

110 1126 254 1209 ipfis
275 1130 427 1189 t'ubae
455 1127 859 1209 obstreperent
883 1128 910 1209 )
936 1128 1175 1189 turbatis
1207 1131 1464 1210 imperiis
1486 1174 1505 1205 ,
1526 1129 1669 1192 tan&
1718 1166 1721 1169 <

108 1210 261 1269 dem
296 1209 638 1271 concursum
675 1210 751 1270 ad
789 1220 970 1270 naves
1016 1207 1118 1270 est.
1156 1207 1278 1271 Vix
1314 1208 1468 1271 suam
1497 1211 1660 1295 quis-

106 1310 238 1372 que
284 1290 565 1374 noscere,
609 1308 707 1351 aut
738 1291 897 1352 adire
936 1311 1055 1372 prae
1096 1292 1344 1353 tumultu
1380 1312 1609 1373 poterat
1635 1315 1657 1357 ε

106 1373 592 1455 trepidatumque
631 1393 761 1433 cum
802 1373 1066 1453 periculo
1102 1374 1167 1433 &
1199 1375 1257 1434 in
1281 1377 1466 1448 mari,
1505 1376 1570 1436 &
1597 1379 1661 1439 in

106 1470 278 1515 terra
314 1453 468 1517 foret
489 1500 509 1529 ‚
548 1455 607 1514 ni
649 1454 906 1536 partibus
958 1454 1150 1517 divisis
1171 1499 1190 1528 ‚
1224 1451 1489 1517 AEmilius
1524 1478 1662 1521 cum

103 1539 396 1618 praetoria
432 1556 586 1597 nave
637 1538 853 1617 primus
902 1556 937 1596 e
970 1550 1145 1617 portu
1189 1535 1248 1594 in
1290 1538 1469 1597 altum
1509 1557 1662 1600 eve·
1750 1603 1753 1608 ,

104 1618 281 1691 cius»,
323 1620 619 1699 excipiens
654 1616 1019 1699 insequentes
1066 1616 1169 1676 suo
1210 1635 1381 1694 quam
1427 1638 1501 1679 ue
1555 1640 1664 1679 or-

103 1699 256 1760 dine
293 1702 354 1758 in
389 1697 646 1760 frontem
676 1695 1013 1778 instruxisset
1035 1718 1055 1771 ;
1079 1696 1374 1757 Eudamus
1454 1699 1682 1764 hodia--⁴

93 1800 234 1863 -que
271 1778 458 1841 claffis
511 1778 868 1841 substitissent
922 1779 994 1840 ad
1039 1797 1292 1851 terram,
1331 1795 1395 1839 ut
1437 1780 1500 1839 &
1537 1779 1661 1843 sme

102 1862 512 1944 trepidatione
554 1861 1013 1923 conscenderent
1035 1905 1055 1934 ,
1097 1861 1161 1921 δι
1185 1876 1248 1920 ut
1273 1881 1522 1943 quaeque
1553 1883 1664 1943 pa·

104 1963 241 2006 rata
285 1941 432 2006 esset
464 1946 650 2005 exiret
690 1947 877 2005 navis.
915 1942 1001 2005 Ita
1046 1943 1112 2003 &
1147 1943 1478 2023 explicuere
1503 1945 1664 2007 ordi-

103 2047 257 2090 nem
290 2027 493 2107 primae
522 2027 582 2097 in
618 2025 928 2109 conspeflu
951 2026 1212 2106 praetoris
1239 2068 1267 2099 ,‚
1293 2026 1357 2085 &
1391 2025 1662 2088 coactum

105 2128 338 2192 agmen
374 2107 447 2168 ab
489 2105 736 2167 Rhodiis
770 2105 853 2168 est
892 2128 906 2166 :
941 2106 1324 2186 instruaaque
1365 2109 1520 2168 acies
1546 2128 1661 2170 ve-

104 2191 202 2252 lut
243 2207 515 2250 cerneret
557 2190 787 2272 regios,
837 2190 898 2247 in
934 2188 1114 2249 altum
1168 2184 1469 2269 proceffitr
1499 2188 1663 2253 Inter

106 2270 523 2353 Myonnesum
548 2270 614 2332 ὃ(
637 2267 943 2350 Corycum
966 2271 1433 2350 promontorium
1458 2288 1660 2347 erant,

105 2374 299 2435 quum
348 2351 576 2432 hostem
616 2349 993 2432 conspexere.
1029 2348 1104 2410 Et
1136 2353 1291 2433 regia
1319 2348 1501 2411 classis
1525 2398 1545 2426 ,
1568 2354 1663 2414 bi-

102 2440 199 2496 nis
244 2438 309 2496 in
346 2435 613 2514 ordinem
651 2433 892 2492 navibus
924 2432 1106 2514 longo
1128 2434 1356 2514 agmine
1374 2436 1664 2513 veniens,⁴

103 2518 175 2581 &
206 2516 336 2598 ipsa
372 2519 557 2581 aciem
590 2513 888 2576 adversam
911 2515 1222 2594 explicuit3
1249 2515 1473 2575 tantum
1499 2516 1657 2580 laevo

11 2632 14 2635 ·
104 2598 330 2662 evech
363 2618 583 2668 cornu,
618 2613 683 2655 ut
717 2593 986 2677 amplecti
1022 2595 1086 2655 δι
1120 2596 1416 2656 circumire
1453 2597 1663 2661 dexte-

102 2703 249 2743 rum
292 2700 476 2738 cornu
502 2676 906 2738 Romanorum
940 2674 1168 2758 posset;
1200 2675 1361 2756 quod
1395 2680 1491 2738 ubi
1530 2677 1661 2741 Eud

104 2765 329 2826 damus
354 2802 373 2831 ,
407 2760 503 2841 qui
548 2759 798 2840 cogebat
835 2777 1084 2840 agmen,
1123 2758 1302 2833 vidit,
1340 2778 1460 2818 non
1494 2759 1659 2841 pofl'e

106 2861 431 2925 exaequare
475 2841 746 2900 ordinem
789 2838 1131 2912 Romanos,
1169 2838 1232 2899 &
1272 2841 1494 2919 tantum
1535 2863 1661 2904 non
1704 2916 1710 2925 ὁ

104 2924 243 3008 jam
284 2924 640 2995 circumirisa
668 2920 897 2984 ,dextro
939 2941 1160 2990 cornu,
1189 2918 1226 2980 8
1267 2922 1524 2981 concitat
1550 2942 1663 2995 naq
1736 2936 1743 2941 “

111 3027 283 3081 ves;
324 3003 440 3089 (8(
473 3019 638 3065 erant
680 3000 928 3065 Rhodiae
962 3021 1145 3065 naves
1185 3000 1361 3085 longe
1393 3003 1663 3065 omnium

190 3193 227 3245 8
270 3189 496 3243 eoncitat·
527 3203 671 3238 naves
693 3205 713 3247 ς
758 3183 781 3251 (
807 3186 856 3237 6·
929 3194 1064 3254 grata
1085 3183 1316 3252 repetitio
1337 3182 1422 3234 est.
1441 3148 1663 3253 Deio-ul:

109 3282 262 3323 eram
294 3262 492 3315 Rhadiae
528 3261 735 3328 naves-J
776 3261 859 3317 Iu·
930 3261 1099 3315 timum
1114 3258 1234 3311 illud
1256 3272 1420 3309 naves·

289 3338 458 3401 'Tom-
501 3340 593 3419 Vf
1265 3324 1326 3409 V.
