2175 3875
46 55 115 152 'l
477 131 913 201 LIBER
1015 127 1414 199 XXXII.
1576 152 1709 221 109

182 214 430 287 luiturum
457 272 477 304 ,
519 227 689 288 minis
729 226 1015 308 pervicit,
1051 243 1114 285 ut
1147 221 1380 306 postero
1422 222 1515 284 die
1554 245 1811 298 con-(M
1836 258 1951 307 554-
1995 255 2002 262 ·

190 302 447 387 jungeret
485 309 557 367 iis
591 307 651 369 se
679 353 700 380 ,
729 311 827 389 qui
853 304 1181 367 referebant
1210 327 1224 363 t
1252 307 1351 386 qui
1376 326 1554 386 quum
1576 307 1707 385 plu·
1722 311 1950 375 a.C.198.

200 405 278 446 res
313 387 447 448 facti
483 388 806 462 referrent,
841 387 1116 448 omnibus
1145 385 1266 446 fere
1291 386 1522 466 populis
1558 387 1713 447 haud

202 466 357 527 dubie
402 469 860 550 approbantibus
892 468 1274 538 relationem,
1297 488 1362 526 ac
1396 488 1514 547 prae
1546 465 1604 528 se
1624 467 1718 528 fe·-

194 549 436 609 ,rentibus
545 550 644 609 uid
705 551 985 611 decreturi
1043 548 1265 619 ess‘ent3
1311 546 1554 628 Dymaei
1580 592 1601 617 ,
1646 569 1715 608 ac

198 571 677 711 Megalopolitani
697 677 716 703 ‚
757 632 821 691 &
844 629 1079 712 quidam
1104 630 1457 711 Argivorum
1477 674 1498 700 ,
1525 628 1714 709 prius·
1801 651 1810 658 ·

199 728 357 787 quam
395 710 697 772 decretum
736 710 940 784 fieret,
976 710 1492 782 consurrexerunt,
1529 730 1596 770 ac
1619 729 1716 771 re-

196 787 469 867 liquerunt
501 794 813 852 concilium
847 812 862 852 t
897 811 1089 873 neque
1128 793 1368 851 mirante
1406 790 1567 863 ullo,
1595 810 1712 853 ne-

197 887 298 948 que
330 874 727 953 improbante.
761 872 912 933 Nam
957 892 983 952 5
1011 871 1545 955 Megalopolitanos
1562 894 1716 938 avo·-

198 969 312 1020 rum
354 954 642 1014 memoria
695 954 884 1034 pulsos
930 954 1006 1013 ab
1045 952 1504 1013 Lacedaemoniis
1543 951 1713 1013 resti-

199 1046 370 1093 tuerat
406 1036 465 1094 in
497 1037 742 1115 patriam
768 1035 1101 1116 Antigonus
1138 1056 1152 1092 z
1197 1034 1262 1093 &
1305 1031 1575 1111 Dymaeis
1605 1030 1712 1095 ca·-'

200 1113 302 1190 ptis
358 1136 543 1195 nuper
595 1115 944 1197 direptisque
991 1115 1064 1175 ab
1103 1116 1356 1175 exercitu
1395 1112 1712 1189 Romano,

201 1212 363 1272 quum
406 1196 616 1256 redimi
651 1217 756 1257 eos
795 1196 1146 1275 ubicumque
1184 1194 1460 1256 servirent
1487 1191 1730 1277 Philip-'

202 1292 295 1351 pus
331 1271 594 1353 jussisset,
633 1299 754 1338 non
792 1276 1115 1338 libertatem
1141 1277 1365 1350 modo,
1396 1275 1495 1335 sed
1535 1279 1711 1350 etiam

204 1356 423 1431 patriam
468 1358 820 1424 reddiderat.
874 1357 1000 1417 Jam
1041 1357 1287 1439 Argivi,
1326 1376 1713 1439 praeterquam

207 1435 345 1572 guod
390 1437 791 1501 Macedonum
839 1459 1005 1521 reges
1046 1438 1120 1497 ab
1159 1436 1214 1498 se
1252 1439 1533 1499 oriundos
1572 1460 1713 1498 cre-

243 1535 328 1575 unt
346 1563 364 1592 ,
389 1523 629 1599 privatis
651 1522 823 1582 etiam
846 1519 1105 1598 hospitiis
1128 1564 1146 1590 ,
1168 1518 1428 1580 familiari
1472 1539 1546 1579 ue
1569 1522 1714 1579 ami·

210 1598 323 1655 titia
357 1601 617 1682 plerique
669 1602 869 1684 illigati
912 1600 1182 1682 Philippo
1222 1615 1404 1661 erant.
1433 1539 1553 1659 (bb
1586 1601 1711 1661 haec

208 1682 474 1755 concilio,
515 1683 676 1763 quod
716 1685 1089 1746 inclinaverat
1138 1682 1209 1741 ad
1247 1679 1578 1741 Romanam
1616 1680 1712 1741 so·

204 1760 452 1822 cietatem
484 1759 841 1841 iubendam,
878 1759 1236 1824 excess'erunt
1278 1783 1293 1821 :
1333 1762 1622 1841 veniaque
1648 1764 1717 1821 iis

201 1837 351 1918 hujus
384 1842 706 1909 seceffionis
730 1844 834 1905 fuit
855 1890 874 1920 ‚
911 1846 977 1907 &
1012 1844 1272 1926 magnis»,
1303 1842 1363 1903 &
1384 1843 1714 1904 recentibus

197 1921 445 2004 obligatis
488 1925 807 1989 beneficiis.
1270 1992 1275 1997 .

267 2003 482 2069 XXIII.
549 2005 750 2070 Ceteri
807 2009 1015 2089 populi
1058 2007 1479 2083 Achaeorum,
1526 2024 1703 2087 quum
1799 2025 1951 2082 Pac-la

194 2083 465 2151 stutentiae
517 2109 1001 2173 perrogat-entur,
1039 2088 1378 2150 societatem
1415 2108 1546 2147 cum
1588 2085 1841 2152 At-Ineer
1867 2106 1951 2153 Α-

191 2166 298 2227 talo
318 2190 383 2227 ac
404 2167 651 2231 Rhodiis
681 2170 945 2252 praesenti
981 2171 1219 2230 decreto
1246 2167 1658 2229 confirmarunt
1685 2178 1861 2229 :chaos
1898 2177 1946 2227 ἃ

193 2268 312 2308 curn
343 2247 625 2312 Romanis
647 2296 667 2323 ‚
708 2253 841 2333 quia
872 2248 1074 2328 injussu
1149 2250 1450 2332 opuli‘non
1470 2270 1698 2330 poterat
1717 2242 1898 2298 Roma-

187 2347 295 2407 rata
318 2329 466 2407 esse,
506 2334 564 2393 in
602 2333 661 2392 id
688 2348 808 2393 tem
855 2336 924 2392 us'
948 2353 1063 2412 quo
1085 2271 1342 2392 ffiomam
1374 2334 1524 2392 mitti
1549 2333 1700 2413 lega·-
1716 2338 1800 2405 ”9³
1854 2317 1946 2388 [θ’

182 2411 231 2475 ti,
257 2410 516 2492 possent,
555 2413 733 2475 dilata
765 2433 798 2474 e
879 2433 893 2472 ε
928 2416 986 2472 in
1022 2412 1318 2492 praesentia
1338 2432 1451 2473 tres
1474 2412 1696 2495 legatos
1713 2408 1880 2446 “W“

184 2492 253 2551 ad
291 2492 358 2555 L.
402 2493 723 2575 Quintium
772 2495 923 2555 mitti
979 2495 1237 2574 placuit,
1281 2493 1342 2555 &
1384 2495 1705 2557 exercitum

255 2656 274 2705 5
302 2641 752 2712 Megalopolitanos
777 2662 898 2694 avo·
969 2634 1231 2695 etiamnum
1253 2640 1498 2695 iemedio
1516 2646 1700 2697 robore

181 2732 270 2763 rum
296 2716 576 2779 memorid.]
601 2716 897 2767 Cleomenes
930 2724 937 2727 ⁴
969 2717 1143 2766 virium
1175 2713 1243 2765 est
1263 2748 1277 2772 ‚
1322 2713 1372 2764 &
1407 2716 1619 2766 eversam
1649 2719 1700 2769 δι

181 2786 563 2843 Lacedaemonius
600 2807 688 2840 rex
722 2790 899 2857 Mega·
930 2788 937 2801 ⁴
966 2782 1234 2840 restitutam
1250 2787 1602 2855 Megalopolim
1628 2790 1704 2841 vi-
1733 2784 1742 2803 ⁸

179 2853 373 2926 lo'poliin
392 2863 524 2929 cepit
542 2879 601 2913 ac
621 2863 785 2914 diruit.
798 2864 899 2913 An·
926 2922 935 2931 .
969 2865 1125 2914 derat.
1144 2860 1292 2911 Unde
1310 2870 1418 2912 non·
1431 2862 1542 2914 statis
1558 2879 1704 2914 accu-

168 2933 363 3003 .ti?gonus
381 2937 586 2987 restituit
605 2970 619 2994 ‚
639 2937 765 2987 haud
788 2935 897 2987 sane
932 2940 939 2949 “
969 2950 1122 2988 ratam
1152 2935 1348 2985 videtur
1373 2933 1538 2986 Livius
1573 2942 1702 2986 ‘tem-

182 3006 370 3079 multum
425 3024 684 3077 antequam
739 3022 896 3060 morte
969 3007 1143 3077 porum
1188 3006 1421 3058 rationem
1473 3007 1653 3055 habere
1677 3039 1699 3067 ,

183 3079 258 3128 fua
277 3098 468 3149 regnum
494 3083 722 3150 Philippo
740 3085 901 3137 trade·
967 3101 1115 3150 quum
1146 3083 1194 3132 id
1225 3081 1399 3131 fastum
1431 3076 1548 3130 dicit
1576 3093 1702 3141 curo--¹

184 3164 274 3207 tet.
307 3154 468 3227 ltaque
500 3157 755 3225 Philippus
775 3157 899 3235 ⁸3⁰3
925 3184 931 3188 ·
966 3176 1066 3208 rum
1086 3156 1333 3211 memori&
1639 3150 1650 3161 ⁶
