<?xml version="1.0" encoding="UTF-8"?>
<!DOCTYPE html PUBLIC "-//W3C//DTD XHTML 1.0 Transitional//EN"
    "http://www.w3.org/TR/xhtml1/DTD/xhtml1-transitional.dtd">
<html xmlns="http://www.w3.org/1999/xhtml" xml:lang="en" lang="en">
 <head>
  <title>
</title>
<meta http-equiv="Content-Type" content="text/html;charset=utf-8" />
  <meta name='ocr-system' content='tesseract 3.04.00' />
  <meta name='ocr-capabilities' content='ocr_page ocr_carea ocr_par ocr_line ocrx_word'/>
</head>
<body>
  <div class='ocr_page' id='page_1' title='image "./tliviipatavinih34unkngoog_0399.png"; bbox 0 0 2175 3875; ppageno 0'>
   <div class='ocr_carea' id='block_1_1' title="bbox 392 184 1658 329">
    <p class='ocr_par' dir='ltr' id='par_1_1' title="bbox 392 184 1658 329">
     <span class='ocr_line' id='line_1_1' title="bbox 392 184 1658 329; baseline -0.002 -17"><span class='ocrx_word' id='word_1_1' title='bbox 392 242 621 313; x_wconf 72' lang='lat' dir='ltr'>Llss</span> <span class='ocrx_word' id='word_1_2' title='bbox 770 262 817 315; x_wconf 72' lang='lat' dir='ltr'>n</span> <span class='ocrx_word' id='word_1_3' title='bbox 929 184 1380 313; x_wconf 62' lang='lat' dir='ltr'>xxxvn</span> <span class='ocrx_word' id='word_1_4' title='bbox 1523 235 1658 329; x_wconf 46' lang='lat'>3&amp;</span> 
     </span>
    </p>
   </div>
   <div class='ocr_carea' id='block_1_2' title="bbox 39 334 1663 421">
    <p class='ocr_par' dir='ltr' id='par_1_2' title="bbox 39 334 1663 421">
     <span class='ocr_line' id='line_1_2' title="bbox 39 334 1663 421; baseline -0.001 -26"><span class='ocrx_word' id='word_1_5' title='bbox 39 371 49 380; x_wconf 93' lang='lat'><em>-</em></span> <span class='ocrx_word' id='word_1_6' title='bbox 146 338 309 399; x_wconf 80' lang='lat' dir='ltr'>armis</span> <span class='ocrx_word' id='word_1_7' title='bbox 346 358 469 399; x_wconf 88' lang='lat' dir='ltr'>rem</span> <span class='ocrx_word' id='word_1_8' title='bbox 498 340 816 421; x_wconf 81' lang='lat' dir='ltr'>gerendam</span> <span class='ocrx_word' id='word_1_9' title='bbox 836 382 859 409; x_wconf 90' lang='lat'><em>,</em></span> <span class='ocrx_word' id='word_1_10' title='bbox 896 337 960 398; x_wconf 88' lang='lat'>&amp;</span> <span class='ocrx_word' id='word_1_11' title='bbox 982 384 1003 413; x_wconf 88' lang='lat'><strong>,</strong></span> <span class='ocrx_word' id='word_1_12' title='bbox 1036 357 1172 420; x_wconf 84' lang='lat' dir='ltr'>rege</span> <span class='ocrx_word' id='word_1_13' title='bbox 1194 336 1463 416; x_wconf 83' lang='lat' dir='ltr'>superato</span> <span class='ocrx_word' id='word_1_14' title='bbox 1486 379 1505 406; x_wconf 86' lang='lat'>‚</span> <span class='ocrx_word' id='word_1_15' title='bbox 1539 334 1663 394; x_wconf 78' lang='lat' dir='ltr'>bel-</span> 
     </span>
    </p>
   </div>
   <div class='ocr_carea' id='block_1_3' title="bbox 137 413 1666 904">
    <p class='ocr_par' dir='ltr' id='par_1_3' title="bbox 137 413 1666 904">
     <span class='ocr_line' id='line_1_3' title="bbox 145 413 1663 503; baseline -0.001 -28"><span class='ocrx_word' id='word_1_16' title='bbox 145 416 259 477; x_wconf 86' lang='lat' dir='ltr'>lum</span> <span class='ocrx_word' id='word_1_17' title='bbox 280 419 594 481; x_wconf 84' lang='lat' dir='ltr'>AEtolicum</span> <span class='ocrx_word' id='word_1_18' title='bbox 614 423 906 503; x_wconf 87' lang='lat' dir='ltr'>integrum</span> <span class='ocrx_word' id='word_1_19' title='bbox 930 417 1167 493; x_wconf 83' lang='lat' dir='ltr'>restare3</span> <span class='ocrx_word' id='word_1_20' title='bbox 1190 416 1367 477; x_wconf 84' lang='lat' dir='ltr'>castra</span> <span class='ocrx_word' id='word_1_21' title='bbox 1386 417 1457 475; x_wconf 86' lang='lat' dir='ltr'>ab</span> <span class='ocrx_word' id='word_1_22' title='bbox 1472 413 1663 476; x_wconf 88' lang='lat' dir='ltr'>Ther·</span> 
     </span>
     <span class='ocr_line' id='line_1_4' title="bbox 144 496 1662 580; baseline -0.001 -23"><span class='ocrx_word' id='word_1_23' title='bbox 144 501 392 579; x_wconf 88' lang='lat' dir='ltr'>mopylis</span> <span class='ocrx_word' id='word_1_24' title='bbox 425 502 501 562; x_wconf 89' lang='lat' dir='ltr'>ad</span> <span class='ocrx_word' id='word_1_25' title='bbox 517 501 865 562; x_wconf 85' lang='lat' dir='ltr'>Heracleam</span> <span class='ocrx_word' id='word_1_26' title='bbox 895 503 1081 561; x_wconf 86' lang='lat' dir='ltr'>movit</span> <span class='ocrx_word' id='word_1_27' title='bbox 1113 521 1127 557; x_wconf 71' lang='grc' dir='ltr'>ε</span> <span class='ocrx_word' id='word_1_28' title='bbox 1157 518 1352 580; x_wconf 90' lang='lat' dir='ltr'>eoque</span> <span class='ocrx_word' id='word_1_29' title='bbox 1378 496 1503 578; x_wconf 88' lang='lat' dir='ltr'>ipso</span> <span class='ocrx_word' id='word_1_30' title='bbox 1527 497 1621 556; x_wconf 87' lang='lat' dir='ltr'>die</span> <span class='ocrx_word' id='word_1_31' title='bbox 1640 538 1662 569; x_wconf 88' lang='lat'>‚</span> 
     </span>
     <span class='ocr_line' id='line_1_5' title="bbox 141 578 1660 659; baseline -0.002 -21"><span class='ocrx_word' id='word_1_32' title='bbox 141 596 203 638; x_wconf 91' lang='lat' dir='ltr'>ut</span> <span class='ocrx_word' id='word_1_33' title='bbox 239 578 404 641; x_wconf 85' lang='lat' dir='ltr'>fitum</span> <span class='ocrx_word' id='word_1_34' title='bbox 442 583 707 644; x_wconf 86' lang='lat' dir='ltr'>nosceret</span> <span class='ocrx_word' id='word_1_35' title='bbox 742 582 936 656; x_wconf 86' lang='lat' dir='ltr'>urbis,</span> <span class='ocrx_word' id='word_1_36' title='bbox 974 581 1049 645; x_wconf 88' lang='lat' dir='ltr'>ab</span> <span class='ocrx_word' id='word_1_37' title='bbox 1088 583 1256 641; x_wconf 86' lang='lat' dir='ltr'>omni</span> <span class='ocrx_word' id='word_1_38' title='bbox 1335 597 1455 641; x_wconf 90' lang='lat' dir='ltr'>arte</span> <span class='ocrx_word' id='word_1_39' title='bbox 1503 598 1660 659; x_wconf 89' lang='lat' dir='ltr'>equo</span> 
     </span>
     <span class='ocr_line' id='line_1_6' title="bbox 137 660 1663 725; baseline -0.001 -6"><span class='ocrx_word' id='word_1_40' title='bbox 137 663 348 722; x_wconf 81' lang='lat' dir='ltr'>moenia</span> <span class='ocrx_word' id='word_1_41' title='bbox 382 662 465 723; x_wconf 84' lang='lat' dir='ltr'>est</span> <span class='ocrx_word' id='word_1_42' title='bbox 502 662 937 725; x_wconf 66' lang='lat' dir='ltr'>circumveflus.</span> <span class='ocrx_word' id='word_1_43' title='bbox 983 662 1105 724; x_wconf 88' lang='lat' dir='ltr'>Sita</span> <span class='ocrx_word' id='word_1_44' title='bbox 1150 660 1232 722; x_wconf 90' lang='lat' dir='ltr'>est</span> <span class='ocrx_word' id='word_1_45' title='bbox 1348 660 1573 721; x_wconf 86' lang='lat' dir='ltr'>eraclea</span> <span class='ocrx_word' id='word_1_46' title='bbox 1601 662 1663 719; x_wconf 88' lang='lat' dir='ltr'>in</span> 
     </span>
     <span class='ocr_line' id='line_1_7' title="bbox 139 741 1665 824; baseline 0.001 -24"><span class='ocrx_word' id='word_1_47' title='bbox 139 741 418 804; x_wconf 82' lang='lat' dir='ltr'>radicibus</span> <span class='ocrx_word' id='word_1_48' title='bbox 456 743 632 806; x_wconf 85' lang='lat' dir='ltr'>Oetae</span> <span class='ocrx_word' id='word_1_49' title='bbox 682 747 899 806; x_wconf 86' lang='lat' dir='ltr'>montis</span> <span class='ocrx_word' id='word_1_50' title='bbox 941 764 956 802; x_wconf 72' lang='grc' dir='ltr'>ε</span> <span class='ocrx_word' id='word_1_51' title='bbox 1000 742 1120 824; x_wconf 86' lang='lat' dir='ltr'>ipsa</span> <span class='ocrx_word' id='word_1_52' title='bbox 1167 745 1227 802; x_wconf 90' lang='lat' dir='ltr'>in</span> <span class='ocrx_word' id='word_1_53' title='bbox 1265 763 1521 823; x_wconf 86' lang='lat' dir='ltr'>campo,</span> <span class='ocrx_word' id='word_1_54' title='bbox 1561 763 1665 801; x_wconf 85' lang='lat' dir='ltr'>ar—</span> 
     </span>
     <span class='ocr_line' id='line_1_8' title="bbox 143 823 1666 904; baseline 0.001 -24"><span class='ocrx_word' id='word_1_55' title='bbox 143 842 287 885; x_wconf 53' lang='lat' dir='ltr'>cems·</span> <span class='ocrx_word' id='word_1_56' title='bbox 309 827 716 887; x_wconf 83' lang='lat' dir='ltr'>imminentem</span> <span class='ocrx_word' id='word_1_57' title='bbox 756 826 893 886; x_wconf 89' lang='lat' dir='ltr'>loco</span> <span class='ocrx_word' id='word_1_58' title='bbox 933 826 1052 885; x_wconf 87' lang='lat' dir='ltr'>alto</span> <span class='ocrx_word' id='word_1_59' title='bbox 1087 823 1151 884; x_wconf 87' lang='lat'>&amp;</span> <span class='ocrx_word' id='word_1_60' title='bbox 1183 823 1437 904; x_wconf 87' lang='lat' dir='ltr'>undique</span> <span class='ocrx_word' id='word_1_61' title='bbox 1462 825 1666 904; x_wconf 88' lang='lat' dir='ltr'>praeci-</span> 
     </span>
    </p>
   </div>
   <div class='ocr_carea' id='block_1_4' title="bbox 142 904 1666 987">
    <p class='ocr_par' dir='ltr' id='par_1_4' title="bbox 142 904 1666 987">
     <span class='ocr_line' id='line_1_9' title="bbox 142 904 1666 987; baseline 0.003 -26"><span class='ocrx_word' id='word_1_62' title='bbox 142 904 245 982; x_wconf 88' lang='lat' dir='ltr'>piti</span> <span class='ocrx_word' id='word_1_63' title='bbox 278 906 470 968; x_wconf 88' lang='lat' dir='ltr'>habet.</span> <span class='ocrx_word' id='word_1_64' title='bbox 508 905 962 987; x_wconf 83' lang='lat' dir='ltr'><strong>Contemplatus</strong></span> <span class='ocrx_word' id='word_1_65' title='bbox 998 907 1198 966; x_wconf 86' lang='lat' dir='ltr'>omnia</span> <span class='ocrx_word' id='word_1_66' title='bbox 1223 925 1352 986; x_wconf 84' lang='lat' dir='ltr'>quae</span> <span class='ocrx_word' id='word_1_67' title='bbox 1372 904 1666 966; x_wconf 83' lang='lat' dir='ltr'>noscenda</span> 
     </span>
    </p>
   </div>
   <div class='ocr_carea' id='block_1_5' title="bbox 1677 346 1908 533">
    <p class='ocr_par' dir='ltr' id='par_1_5' title="bbox 1677 346 1908 533">
     <span class='ocr_line' id='line_1_10' title="bbox 1679 346 1905 413; baseline 0.018 -15"><span class='ocrx_word' id='word_1_68' title='bbox 1679 346 1905 413; x_wconf 80' lang='lat' dir='ltr'>U.c.561.</span> 
     </span>
     <span class='ocr_line' id='line_1_11' title="bbox 1677 413 1903 477; baseline 0.004 -13"><span class='ocrx_word' id='word_1_69' title='bbox 1677 413 1903 477; x_wconf 77' lang='lat' dir='ltr'>a.C.191.</span> 
     </span>
     <span class='ocr_line' id='line_1_12' title="bbox 1746 482 1908 533; baseline -0.012 0"><span class='ocrx_word' id='word_1_70' title='bbox 1746 482 1908 533; x_wconf 79' lang='lat' dir='ltr'>Hera-</span> 
     </span>
    </p>
   </div>
   <div class='ocr_carea' id='block_1_6' title="bbox 1676 555 1826 605">
    <p class='ocr_par' dir='ltr' id='par_1_6' title="bbox 1676 555 1826 605">
     <span class='ocr_line' id='line_1_13' title="bbox 1676 555 1826 605; baseline 0.007 -1"><span class='ocrx_word' id='word_1_71' title='bbox 1676 555 1826 605; x_wconf 83' lang='lat' dir='ltr'>cleam</span> 
     </span>
    </p>
   </div>
   <div class='ocr_carea' id='block_1_7' title="bbox 1674 606 1956 698">
    <p class='ocr_par' dir='ltr' id='par_1_7' title="bbox 1674 606 1956 698">
     <span class='ocr_line' id='line_1_14' title="bbox 1674 606 1956 698; baseline 0.011 -18"><span class='ocrx_word' id='word_1_72' title='bbox 1674 629 1874 698; x_wconf 64' lang='lat' dir='ltr'>obstan.</span> <span class='ocrx_word' id='word_1_73' title='bbox 1953 606 1956 611; x_wconf 70' lang='grc'>’</span> 
     </span>
    </p>
   </div>
   <div class='ocr_carea' id='block_1_8' title="bbox 150 986 1760 1070">
    <p class='ocr_par' dir='ltr' id='par_1_8' title="bbox 150 986 1760 1070">
     <span class='ocr_line' id='line_1_15' title="bbox 150 986 1760 1070; baseline 0.002 -28"><span class='ocrx_word' id='word_1_74' title='bbox 150 1001 301 1047; x_wconf 87' lang='lat' dir='ltr'>erant</span> <span class='ocrx_word' id='word_1_75' title='bbox 320 1032 338 1061; x_wconf 92' lang='lat'>‚</span> <span class='ocrx_word' id='word_1_76' title='bbox 374 1007 630 1069; x_wconf 85' lang='lat' dir='ltr'>quatuor</span> <span class='ocrx_word' id='word_1_77' title='bbox 651 987 816 1050; x_wconf 84' lang='lat' dir='ltr'>fimul</span> <span class='ocrx_word' id='word_1_78' title='bbox 836 989 981 1049; x_wconf 87' lang='lat' dir='ltr'>locis</span> <span class='ocrx_word' id='word_1_79' title='bbox 1012 987 1249 1070; x_wconf 83' lang='lat' dir='ltr'>aggredi</span> <span class='ocrx_word' id='word_1_80' title='bbox 1281 986 1485 1048; x_wconf 89' lang='lat' dir='ltr'>urbem</span> <span class='ocrx_word' id='word_1_81' title='bbox 1517 1006 1668 1046; x_wconf 89' lang='lat' dir='ltr'>con·</span> <span class='ocrx_word' id='word_1_82' title='bbox 1754 992 1760 997; x_wconf 79' lang='grc'><strong><em>’</em></strong></span> 
     </span>
    </p>
   </div>
   <div class='ocr_carea' id='block_1_9' title="bbox 138 1062 1672 2209">
    <p class='ocr_par' dir='ltr' id='par_1_9' title="bbox 138 1062 1672 2209">
     <span class='ocr_line' id='line_1_16' title="bbox 141 1062 1668 1152; baseline 0.003 -29"><span class='ocrx_word' id='word_1_83' title='bbox 141 1062 341 1143; x_wconf 82' lang='lat' dir='ltr'>stituit3</span> <span class='ocrx_word' id='word_1_84' title='bbox 378 1091 410 1129; x_wconf 87' lang='lat' dir='ltr'>a</span> <span class='ocrx_word' id='word_1_85' title='bbox 450 1071 694 1131; x_wconf 88' lang='lat' dir='ltr'>flumine</span> <span class='ocrx_word' id='word_1_86' title='bbox 744 1069 948 1150; x_wconf 86' lang='lat' dir='ltr'>Asopo</span> <span class='ocrx_word' id='word_1_87' title='bbox 976 1113 994 1142; x_wconf 92' lang='lat'>‚</span> <span class='ocrx_word' id='word_1_88' title='bbox 1033 1071 1149 1150; x_wconf 67' lang='lat' dir='ltr'>qua</span> <span class='ocrx_word' id='word_1_89' title='bbox 1189 1069 1252 1130; x_wconf 83' lang='lat'>&amp;</span> <span class='ocrx_word' id='word_1_90' title='bbox 1298 1066 1668 1152; x_wconf 65' lang='lat' dir='ltr'>gymnasium</span> 
     </span>
     <span class='ocr_line' id='line_1_17' title="bbox 139 1144 1668 1290; baseline 0.003 -85"><span class='ocrx_word' id='word_1_91' title='bbox 139 1144 217 1225; x_wconf 82' lang='lat' dir='ltr'>est</span> <span class='ocrx_word' id='word_1_92' title='bbox 241 1193 260 1222; x_wconf 90' lang='lat'>‚</span> <span class='ocrx_word' id='word_1_93' title='bbox 297 1150 366 1211; x_wconf 90' lang='lat' dir='ltr'>L.</span> <span class='ocrx_word' id='word_1_94' title='bbox 384 1151 693 1213; x_wconf 83' lang='lat' dir='ltr'>Valerium</span> <span class='ocrx_word' id='word_1_95' title='bbox 730 1150 1003 1232; x_wconf 86' lang='lat' dir='ltr'>operibus</span> <span class='ocrx_word' id='word_1_96' title='bbox 1041 1167 1214 1232; x_wconf 87' lang='lat' dir='ltr'>atque</span> <span class='ocrx_word' id='word_1_97' title='bbox 1238 1152 1668 1290; x_wconf 51' lang='lat' dir='ltr'>oppufgnationi</span> 
     </span>
     <span class='ocr_line' id='line_1_18' title="bbox 141 1232 1672 1313; baseline 0.004 -27"><span class='ocrx_word' id='word_1_98' title='bbox 141 1232 470 1310; x_wconf 67' lang='lat' dir='ltr'>praeposuit:</span> <span class='ocrx_word' id='word_1_99' title='bbox 502 1253 528 1292; x_wconf 88' lang='lat'>1</span> <span class='ocrx_word' id='word_1_100' title='bbox 566 1253 760 1294; x_wconf 85' lang='lat' dir='ltr'>arcem</span> <span class='ocrx_word' id='word_1_101' title='bbox 786 1250 944 1293; x_wconf 85' lang='lat' dir='ltr'>extra</span> <span class='ocrx_word' id='word_1_102' title='bbox 971 1252 1207 1303; x_wconf 89' lang='lat' dir='ltr'>muros,</span> <span class='ocrx_word' id='word_1_103' title='bbox 1236 1253 1362 1313; x_wconf 82' lang='lat' dir='ltr'>quae</span> <span class='ocrx_word' id='word_1_104' title='bbox 1418 1252 1477 1292; x_wconf 84' lang='lat' dir='ltr'>re</span> <span class='ocrx_word' id='word_1_105' title='bbox 1522 1253 1672 1293; x_wconf 89' lang='lat' dir='ltr'>uen-</span> 
     </span>
     <span class='ocr_line' id='line_1_19' title="bbox 143 1309 1670 1395; baseline 0.003 -27"><span class='ocrx_word' id='word_1_106' title='bbox 143 1309 247 1368; x_wconf 74' lang='lat' dir='ltr'>tius</span> <span class='ocrx_word' id='word_1_107' title='bbox 283 1333 464 1395; x_wconf 88' lang='lat' dir='ltr'>prope</span> <span class='ocrx_word' id='word_1_108' title='bbox 509 1314 689 1395; x_wconf 68' lang='lat' dir='ltr'>quam</span> <span class='ocrx_word' id='word_1_109' title='bbox 730 1314 866 1374; x_wconf 90' lang='lat' dir='ltr'>urbs</span> <span class='ocrx_word' id='word_1_110' title='bbox 908 1311 1310 1387; x_wconf 81' lang='lat' dir='ltr'>habitabatur,</span> <span class='ocrx_word' id='word_1_111' title='bbox 1349 1311 1448 1373; x_wconf 82' lang='lat' dir='ltr'>Ti.</span> <span class='ocrx_word' id='word_1_112' title='bbox 1532 1333 1670 1374; x_wconf 87' lang='lat' dir='ltr'>em-</span> 
     </span>
     <span class='ocr_line' id='line_1_20' title="bbox 138 1393 1672 1529; baseline 0.003 -81"><span class='ocrx_word' id='word_1_113' title='bbox 138 1395 342 1529; x_wconf 83' lang='lat' dir='ltr'>pronio</span> <span class='ocrx_word' id='word_1_114' title='bbox 361 1394 577 1478; x_wconf 84' lang='lat' dir='ltr'>Longo</span> <span class='ocrx_word' id='word_1_115' title='bbox 607 1393 1059 1477; x_wconf 85' lang='lat' dir='ltr'>oppugnandam</span> <span class='ocrx_word' id='word_1_116' title='bbox 1086 1395 1256 1455; x_wconf 81' lang='lat' dir='ltr'>dedit</span> <span class='ocrx_word' id='word_1_117' title='bbox 1282 1415 1297 1455; x_wconf 70' lang='grc' dir='ltr'><strong>ε</strong></span> <span class='ocrx_word' id='word_1_118' title='bbox 1321 1417 1354 1454; x_wconf 88' lang='lat' dir='ltr'>a</span> <span class='ocrx_word' id='word_1_119' title='bbox 1390 1393 1509 1454; x_wconf 89' lang='lat' dir='ltr'>finu</span> <span class='ocrx_word' id='word_1_120' title='bbox 1540 1394 1672 1454; x_wconf 88' lang='lat' dir='ltr'>Ma·</span> 
     </span>
     <span class='ocr_line' id='line_1_21' title="bbox 161 1472 1667 1557; baseline 0.003 -27"><span class='ocrx_word' id='word_1_121' title='bbox 161 1472 314 1545; x_wconf 88' lang='lat' dir='ltr'>iaco,</span> <span class='ocrx_word' id='word_1_122' title='bbox 356 1496 485 1557; x_wconf 84' lang='lat' dir='ltr'>quae</span> <span class='ocrx_word' id='word_1_123' title='bbox 508 1477 732 1536; x_wconf 85' lang='lat' dir='ltr'>aditum</span> <span class='ocrx_word' id='word_1_124' title='bbox 765 1477 916 1537; x_wconf 87' lang='lat' dir='ltr'>haud</span> <span class='ocrx_word' id='word_1_125' title='bbox 953 1475 1194 1552; x_wconf 63' lang='lat' dir='ltr'>facilemv</span> <span class='ocrx_word' id='word_1_126' title='bbox 1213 1498 1346 1555; x_wconf 84' lang='lat' dir='ltr'>pars</span> <span class='ocrx_word' id='word_1_127' title='bbox 1373 1476 1627 1535; x_wconf 85' lang='lat' dir='ltr'>habebat</span> <span class='ocrx_word' id='word_1_128' title='bbox 1646 1520 1667 1548; x_wconf 84' lang='lat'><strong>‚</strong></span> 
     </span>
     <span class='ocr_line' id='line_1_22' title="bbox 142 1550 1671 1636; baseline 0 -20"><span class='ocrx_word' id='word_1_129' title='bbox 142 1550 230 1612; x_wconf 84' lang='lat' dir='ltr'>M·</span> <span class='ocrx_word' id='word_1_130' title='bbox 265 1555 523 1617; x_wconf 83' lang='lat' dir='ltr'>Baebium</span> <span class='ocrx_word' id='word_1_131' title='bbox 554 1579 573 1632; x_wconf 78' lang='lat'>3</span> <span class='ocrx_word' id='word_1_132' title='bbox 604 1559 678 1618; x_wconf 89' lang='lat' dir='ltr'>ab</span> <span class='ocrx_word' id='word_1_133' title='bbox 716 1556 1280 1631; x_wconf 62' lang='lat' dir='ltr'>alteratamniculo,</span> <span class='ocrx_word' id='word_1_134' title='bbox 1312 1577 1487 1636; x_wconf 88' lang='lat' dir='ltr'>quem</span> <span class='ocrx_word' id='word_1_135' title='bbox 1523 1556 1671 1616; x_wconf 87' lang='lat' dir='ltr'>Me·-</span> 
     </span>
     <span class='ocr_line' id='line_1_23' title="bbox 142 1631 1672 1718; baseline 0.001 -26"><span class='ocrx_word' id='word_1_136' title='bbox 142 1631 263 1695; x_wconf 82' lang='lat' dir='ltr'>lana</span> <span class='ocrx_word' id='word_1_137' title='bbox 291 1658 544 1712; x_wconf 86' lang='lat' dir='ltr'>vocant,</span> <span class='ocrx_word' id='word_1_138' title='bbox 582 1640 861 1699; x_wconf 72' lang='lat' dir='ltr'>adversus</span> <span class='ocrx_word' id='word_1_139' title='bbox 900 1637 1108 1697; x_wconf 79' lang='lat' dir='ltr'>Dianae</span> <span class='ocrx_word' id='word_1_140' title='bbox 1150 1639 1436 1718; x_wconf 85' lang='lat' dir='ltr'>templum</span> <span class='ocrx_word' id='word_1_141' title='bbox 1462 1681 1482 1710; x_wconf 92' lang='lat'>‚</span> <span class='ocrx_word' id='word_1_142' title='bbox 1527 1636 1672 1716; x_wconf 85' lang='lat' dir='ltr'>Ap-</span> 
     </span>
     <span class='ocr_line' id='line_1_24' title="bbox 143 1717 1671 1802; baseline -0.001 -26"><span class='ocrx_word' id='word_1_143' title='bbox 143 1717 290 1793; x_wconf 88' lang='lat' dir='ltr'>pium</span> <span class='ocrx_word' id='word_1_144' title='bbox 312 1718 626 1780; x_wconf 83' lang='lat' dir='ltr'>Claudium</span> <span class='ocrx_word' id='word_1_145' title='bbox 657 1719 949 1802; x_wconf 86' lang='lat' dir='ltr'>opposuit.</span> <span class='ocrx_word' id='word_1_146' title='bbox 973 1739 1006 1777; x_wconf 85' lang='lat'><em>2</em></span> <span class='ocrx_word' id='word_1_147' title='bbox 1041 1719 1275 1779; x_wconf 86' lang='lat' dir='ltr'>Horum</span> <span class='ocrx_word' id='word_1_148' title='bbox 1301 1738 1516 1799; x_wconf 84' lang='lat' dir='ltr'>magno</span> <span class='ocrx_word' id='word_1_149' title='bbox 1542 1738 1671 1778; x_wconf 81' lang='lat' dir='ltr'>cer-</span> 
     </span>
     <span class='ocr_line' id='line_1_25' title="bbox 143 1799 1670 1882; baseline 0.004 -29"><span class='ocrx_word' id='word_1_150' title='bbox 143 1801 347 1862; x_wconf 85' lang='lat' dir='ltr'>tamine</span> <span class='ocrx_word' id='word_1_151' title='bbox 382 1803 531 1862; x_wconf 89' lang='lat' dir='ltr'>intra</span> <span class='ocrx_word' id='word_1_152' title='bbox 562 1822 778 1882; x_wconf 89' lang='lat' dir='ltr'>paucos</span> <span class='ocrx_word' id='word_1_153' title='bbox 807 1800 928 1861; x_wconf 89' lang='lat' dir='ltr'>dies</span> <span class='ocrx_word' id='word_1_154' title='bbox 969 1817 1155 1860; x_wconf 86' lang='lat' dir='ltr'>turres</span> <span class='ocrx_word' id='word_1_155' title='bbox 1173 1845 1196 1872; x_wconf 89' lang='lat'><em>,</em></span> <span class='ocrx_word' id='word_1_156' title='bbox 1224 1799 1581 1880; x_wconf 80' lang='lat' dir='ltr'>arietesque,</span> <span class='ocrx_word' id='word_1_157' title='bbox 1605 1799 1670 1859; x_wconf 84' lang='lat'>&amp;</span> 
     </span>
     <span class='ocr_line' id='line_1_26' title="bbox 141 1875 1671 1965; baseline 0.005 -31"><span class='ocrx_word' id='word_1_158' title='bbox 141 1875 267 1937; x_wconf 85' lang='lat' dir='ltr'>alius</span> <span class='ocrx_word' id='word_1_159' title='bbox 307 1886 493 1943; x_wconf 85' lang='lat' dir='ltr'>omnis</span> <span class='ocrx_word' id='word_1_160' title='bbox 533 1900 836 1965; x_wconf 83' lang='lat' dir='ltr'>apparatus</span> <span class='ocrx_word' id='word_1_161' title='bbox 873 1880 1400 1964; x_wconf 84' lang='lat' dir='ltr'>oppugnandarum</span> <span class='ocrx_word' id='word_1_162' title='bbox 1440 1880 1671 1941; x_wconf 80' lang='lat' dir='ltr'>urbi-um</span> 
     </span>
     <span class='ocr_line' id='line_1_27' title="bbox 143 1958 1670 2047; baseline 0.003 -28"><span class='ocrx_word' id='word_1_163' title='bbox 143 1958 440 2038; x_wconf 82' lang='lat' dir='ltr'>perficitur.</span> <span class='ocrx_word' id='word_1_164' title='bbox 480 1962 558 2024; x_wconf 89' lang='lat' dir='ltr'>Et</span> <span class='ocrx_word' id='word_1_165' title='bbox 595 1985 774 2046; x_wconf 88' lang='lat' dir='ltr'>quum</span> <span class='ocrx_word' id='word_1_166' title='bbox 808 1985 946 2047; x_wconf 88' lang='lat' dir='ltr'>ager</span> <span class='ocrx_word' id='word_1_167' title='bbox 979 1961 1381 2024; x_wconf 83' lang='lat' dir='ltr'>Heracleenfis</span> <span class='ocrx_word' id='word_1_168' title='bbox 1419 1961 1670 2045; x_wconf 85' lang='lat' dir='ltr'>paluster</span> 
     </span>
     <span class='ocr_line' id='line_1_28' title="bbox 146 2044 1671 2127; baseline 0.004 -29"><span class='ocrx_word' id='word_1_169' title='bbox 146 2045 324 2103; x_wconf 85' lang='lat' dir='ltr'>omnis</span> <span class='ocrx_word' id='word_1_170' title='bbox 362 2044 749 2127; x_wconf 83' lang='lat' dir='ltr'>frequensque</span> <span class='ocrx_word' id='word_1_171' title='bbox 803 2048 1061 2127; x_wconf 85' lang='lat' dir='ltr'>proceris</span> <span class='ocrx_word' id='word_1_172' title='bbox 1103 2044 1403 2105; x_wconf 89' lang='lat' dir='ltr'>arboribus</span> <span class='ocrx_word' id='word_1_173' title='bbox 1427 2091 1445 2119; x_wconf 83' lang='lat'>‚</span> <span class='ocrx_word' id='word_1_174' title='bbox 1493 2046 1671 2107; x_wconf 86' lang='lat' dir='ltr'>beni·-</span> 
     </span>
     <span class='ocr_line' id='line_1_29' title="bbox 144 2123 1667 2209; baseline 0.002 -26"><span class='ocrx_word' id='word_1_175' title='bbox 144 2123 247 2202; x_wconf 70' lang='lat' dir='ltr'>gne</span> <span class='ocrx_word' id='word_1_176' title='bbox 292 2124 363 2185; x_wconf 87' lang='lat' dir='ltr'>ad</span> <span class='ocrx_word' id='word_1_177' title='bbox 408 2146 590 2188; x_wconf 87' lang='lat' dir='ltr'>omne</span> <span class='ocrx_word' id='word_1_178' title='bbox 643 2147 826 2209; x_wconf 85' lang='lat' dir='ltr'>genus</span> <span class='ocrx_word' id='word_1_179' title='bbox 869 2147 1118 2207; x_wconf 86' lang='lat' dir='ltr'>operum</span> <span class='ocrx_word' id='word_1_180' title='bbox 1173 2130 1473 2208; x_wconf 66' lang='lat' dir='ltr'>materiam</span> <span class='ocrx_word' id='word_1_181' title='bbox 1525 2126 1667 2208; x_wconf 86' lang='lat' dir='ltr'>sup-</span> 
     </span>
    </p>
   </div>
   <div class='ocr_carea' id='block_1_10' title="bbox 143 2204 849 2290">
    <p class='ocr_par' dir='ltr' id='par_1_10' title="bbox 143 2204 849 2290">
     <span class='ocr_line' id='line_1_30' title="bbox 143 2204 849 2290; baseline 0.007 -28"><span class='ocrx_word' id='word_1_182' title='bbox 143 2204 465 2282; x_wconf 77' lang='lat' dir='ltr'>peditabat;</span> <span class='ocrx_word' id='word_1_183' title='bbox 507 2225 674 2282; x_wconf 88' lang='lat' dir='ltr'>tum,</span> <span class='ocrx_word' id='word_1_184' title='bbox 716 2211 849 2290; x_wconf 87' lang='lat' dir='ltr'>quia</span> 
     </span>
    </p>
   </div>
   <div class='ocr_carea' id='block_1_11' title="bbox 974 2207 1668 2289">
    <p class='ocr_par' dir='ltr' id='par_1_11' title="bbox 974 2207 1668 2289">
     <span class='ocr_line' id='line_1_31' title="bbox 974 2207 1668 2289; baseline 0.004 -22"><span class='ocrx_word' id='word_1_185' title='bbox 974 2223 1217 2289; x_wconf 84' lang='lat' dir='ltr'>ugerant</span> <span class='ocrx_word' id='word_1_186' title='bbox 1256 2207 1403 2269; x_wconf 83' lang='lat' dir='ltr'>intra</span> <span class='ocrx_word' id='word_1_187' title='bbox 1450 2212 1668 2270; x_wconf 85' lang='lat' dir='ltr'>moenia</span> 
     </span>
    </p>
   </div>
   <div class='ocr_carea' id='block_1_12' title="bbox 143 2281 1667 2371">
    <p class='ocr_par' dir='ltr' id='par_1_12' title="bbox 143 2281 1667 2371">
     <span class='ocr_line' id='line_1_32' title="bbox 143 2281 1667 2371; baseline 0.005 -26"><span class='ocrx_word' id='word_1_188' title='bbox 143 2281 344 2363; x_wconf 83' lang='lat' dir='ltr'>AEtoli,</span> <span class='ocrx_word' id='word_1_189' title='bbox 382 2288 609 2350; x_wconf 87' lang='lat' dir='ltr'>deserta</span> <span class='ocrx_word' id='word_1_190' title='bbox 631 2334 653 2365; x_wconf 90' lang='lat'><strong>,</strong></span> <span class='ocrx_word' id='word_1_191' title='bbox 686 2310 814 2371; x_wconf 74' lang='lat' dir='ltr'>quae</span> <span class='ocrx_word' id='word_1_192' title='bbox 848 2291 906 2349; x_wconf 87' lang='lat' dir='ltr'>in</span> <span class='ocrx_word' id='word_1_193' title='bbox 943 2288 1231 2349; x_wconf 88' lang='lat' dir='ltr'>vestibulo</span> <span class='ocrx_word' id='word_1_194' title='bbox 1270 2291 1423 2351; x_wconf 88' lang='lat' dir='ltr'>urbis</span> <span class='ocrx_word' id='word_1_195' title='bbox 1462 2309 1667 2366; x_wconf 86' lang='lat' dir='ltr'>erant,</span> 
     </span>
    </p>
   </div>
   <div class='ocr_carea' id='block_1_13' title="bbox 131 2470 862 3337">
    <p class='ocr_par' dir='ltr' id='par_1_13' title="bbox 131 2470 862 3337">
     <span class='ocr_line' id='line_1_33' title="bbox 131 2470 858 2529; baseline 0.006 -14"><span class='ocrx_word' id='word_1_196' title='bbox 131 2486 138 2493; x_wconf 87' lang='lat'><em>·</em></span> <span class='ocrx_word' id='word_1_197' title='bbox 219 2481 239 2516; x_wconf 90' lang='lat'>1</span> <span class='ocrx_word' id='word_1_198' title='bbox 282 2470 449 2520; x_wconf 83' lang='lat' dir='ltr'>Arcem</span> <span class='ocrx_word' id='word_1_199' title='bbox 491 2486 632 2520; x_wconf 78' lang='lat' dir='ltr'>exera</span> <span class='ocrx_word' id='word_1_200' title='bbox 666 2485 822 2521; x_wconf 78' lang='lat' dir='ltr'>muros</span> <span class='ocrx_word' id='word_1_201' title='bbox 842 2503 858 2529; x_wconf 90' lang='lat'>‚</span> 
     </span>
     <span class='ocr_line' id='line_1_34' title="bbox 149 2539 860 2612; baseline 0.011 -26"><span class='ocrx_word' id='word_1_202' title='bbox 149 2555 234 2604; x_wconf 72' lang='lat' dir='ltr'>511ae</span> <span class='ocrx_word' id='word_1_203' title='bbox 245 2539 535 2610; x_wconf 48' lang='lat' dir='ltr'>frequentius</span> <span class='ocrx_word' id='word_1_204' title='bbox 555 2561 708 2612; x_wconf 78' lang='lat' dir='ltr'>prope</span> <span class='ocrx_word' id='word_1_205' title='bbox 726 2545 860 2612; x_wconf 73' lang='lat' dir='ltr'>qutim</span> 
     </span>
     <span class='ocr_line' id='line_1_35' title="bbox 146 2611 857 2685; baseline 0.015 -27"><span class='ocrx_word' id='word_1_206' title='bbox 146 2611 246 2660; x_wconf 75' lang='lat' dir='ltr'>urbs</span> <span class='ocrx_word' id='word_1_207' title='bbox 265 2614 573 2667; x_wconf 76' lang='lat' dir='ltr'>habitabatur.</span> <span class='ocrx_word' id='word_1_208' title='bbox 590 2617 613 2683; x_wconf 85' lang='lat' dir='ltr'>J</span> <span class='ocrx_word' id='word_1_209' title='bbox 636 2617 757 2668; x_wconf 81' lang='lat' dir='ltr'>Haec</span> <span class='ocrx_word' id='word_1_210' title='bbox 776 2637 857 2685; x_wconf 91' lang='lat' dir='ltr'>pu·</span> 
     </span>
     <span class='ocr_line' id='line_1_36' title="bbox 148 2692 860 2759; baseline 0.02 -29"><span class='ocrx_word' id='word_1_211' title='bbox 148 2698 284 2749; x_wconf 82' lang='lat' dir='ltr'>gnant</span> <span class='ocrx_word' id='word_1_212' title='bbox 317 2705 420 2738; x_wconf 88' lang='lat' dir='ltr'>cum</span> <span class='ocrx_word' id='word_1_213' title='bbox 449 2692 509 2740; x_wconf 82' lang='lat' dir='ltr'>iis</span> <span class='ocrx_word' id='word_1_214' title='bbox 542 2709 648 2759; x_wconf 83' lang='lat' dir='ltr'>quae</span> <span class='ocrx_word' id='word_1_215' title='bbox 677 2709 721 2741; x_wconf 86' lang='lat' dir='ltr'>c.</span> <span class='ocrx_word' id='word_1_216' title='bbox 752 2708 820 2753; x_wconf 82' lang='lat'>24</span> <span class='ocrx_word' id='word_1_217' title='bbox 844 2725 860 2751; x_wconf 82' lang='lat'>,</span> 
     </span>
     <span class='ocr_line' id='line_1_37' title="bbox 150 2757 859 2817; baseline 0.018 -14"><span class='ocrx_word' id='word_1_218' title='bbox 150 2757 405 2812; x_wconf 79' lang='lat' dir='ltr'>traduntur.</span> <span class='ocrx_word' id='word_1_219' title='bbox 468 2764 543 2813; x_wconf 85' lang='lat' dir='ltr'>Ibi</span> <span class='ocrx_word' id='word_1_220' title='bbox 598 2765 725 2814; x_wconf 87' lang='lat' dir='ltr'>enim</span> <span class='ocrx_word' id='word_1_221' title='bbox 774 2765 859 2817; x_wconf 82' lang='lat' dir='ltr'>Ti.</span> 
     </span>
     <span class='ocr_line' id='line_1_38' title="bbox 148 2826 860 2906; baseline 0.015 -27"><span class='ocrx_word' id='word_1_222' title='bbox 148 2826 446 2906; x_wconf 71' lang='lat' dir='ltr'>Sempronius</span> <span class='ocrx_word' id='word_1_223' title='bbox 485 2840 546 2887; x_wconf 87' lang='lat' dir='ltr'>ab</span> <span class='ocrx_word' id='word_1_224' title='bbox 569 2849 573 2854; x_wconf 82' lang='grc'>’</span> <span class='ocrx_word' id='word_1_225' title='bbox 595 2838 677 2887; x_wconf 82' lang='lat' dir='ltr'>sua</span> <span class='ocrx_word' id='word_1_226' title='bbox 721 2851 860 2906; x_wconf 82' lang='lat' dir='ltr'>parte</span> 
     </span>
     <span class='ocr_line' id='line_1_39' title="bbox 149 2903 862 2976; baseline 0.02 -27"><span class='ocrx_word' id='word_1_227' title='bbox 149 2903 315 2965; x_wconf 73' lang='lat' dir='ltr'>primus</span> <span class='ocrx_word' id='word_1_228' title='bbox 342 2909 508 2959; x_wconf 67' lang='lat' dir='ltr'>urbem</span> <span class='ocrx_word' id='word_1_229' title='bbox 540 2927 716 2976; x_wconf 84' lang='lat' dir='ltr'>capere</span> <span class='ocrx_word' id='word_1_230' title='bbox 742 2912 862 2963; x_wconf 84' lang='lat' dir='ltr'>dici·</span> 
     </span>
     <span class='ocr_line' id='line_1_40' title="bbox 151 2979 861 3048; baseline 0.021 -27"><span class='ocrx_word' id='word_1_231' title='bbox 151 2985 220 3023; x_wconf 85' lang='lat' dir='ltr'>tur</span> <span class='ocrx_word' id='word_1_232' title='bbox 249 2994 262 3028; x_wconf 71' lang='grc' dir='ltr'><strong>ε</strong></span> <span class='ocrx_word' id='word_1_233' title='bbox 288 2979 379 3045; x_wconf 59' lang='lat' dir='ltr'>&#39;qua</span> <span class='ocrx_word' id='word_1_234' title='bbox 400 2981 543 3048; x_wconf 61' lang='lat' dir='ltr'>capta</span> <span class='ocrx_word' id='word_1_235' title='bbox 559 2985 717 3035; x_wconf 84' lang='lat' dir='ltr'>AEtoli</span> <span class='ocrx_word' id='word_1_236' title='bbox 739 3003 861 3035; x_wconf 85' lang='lat' dir='ltr'>con·</span> 
     </span>
     <span class='ocr_line' id='line_1_41' title="bbox 149 3046 859 3116; baseline 0.021 -20"><span class='ocrx_word' id='word_1_237' title='bbox 149 3046 323 3116; x_wconf 81' lang='lat' dir='ltr'>fugiunt</span> <span class='ocrx_word' id='word_1_238' title='bbox 340 3054 393 3106; x_wconf 86' lang='lat' dir='ltr'>in</span> <span class='ocrx_word' id='word_1_239' title='bbox 419 3073 597 3106; x_wconf 85' lang='lat' dir='ltr'>arcem.</span> <span class='ocrx_word' id='word_1_240' title='bbox 621 3057 859 3110; x_wconf 83' lang='lat' dir='ltr'>Emendat</span> 
     </span>
     <span class='ocr_line' id='line_1_42' title="bbox 154 3117 859 3200; baseline 0.02 -32"><span class='ocrx_word' id='word_1_241' title='bbox 154 3117 424 3177; x_wconf 84' lang='lat' dir='ltr'>Gronovius</span> <span class='ocrx_word' id='word_1_242' title='bbox 463 3143 478 3177; x_wconf 70' lang='grc' dir='ltr'><strong><em>ε</em></strong></span> <span class='ocrx_word' id='word_1_243' title='bbox 510 3145 728 3196; x_wconf 81' lang='lat' dir='ltr'>partem,</span> <span class='ocrx_word' id='word_1_244' title='bbox 766 3133 859 3200; x_wconf 64' lang='lat' dir='ltr'>qud</span> 
     </span>
     <span class='ocr_line' id='line_1_43' title="bbox 151 3199 858 3273; baseline 0.023 -33"><span class='ocrx_word' id='word_1_245' title='bbox 151 3208 277 3244; x_wconf 76' lang='lat' dir='ltr'>extra</span> <span class='ocrx_word' id='word_1_246' title='bbox 284 3199 732 3269; x_wconf 62' lang='lat' dir='ltr'>marosfrequentitis</span> <span class='ocrx_word' id='word_1_247' title='bbox 742 3225 858 3273; x_wconf 81' lang='lat' dir='ltr'>pro·</span> 
     </span>
     <span class='ocr_line' id='line_1_44' title="bbox 146 3270 855 3337; baseline 0.025 -21"><span class='ocrx_word' id='word_1_248' title='bbox 146 3282 203 3333; x_wconf 76' lang='lat' dir='ltr'>pe</span> <span class='ocrx_word' id='word_1_249' title='bbox 222 3270 408 3337; x_wconf 56' lang='lat' dir='ltr'>quamin</span> <span class='ocrx_word' id='word_1_250' title='bbox 419 3274 528 3327; x_wconf 71' lang='lat' dir='ltr'>urbe</span> <span class='ocrx_word' id='word_1_251' title='bbox 538 3276 855 3333; x_wconf 77' lang='lat' dir='ltr'>habitabatur.</span> 
     </span>
    </p>
   </div>
   <div class='ocr_carea' id='block_1_14' title="bbox 930 2470 1668 3347">
    <p class='ocr_par' dir='ltr' id='par_1_14' title="bbox 934 2470 1667 2964">
     <span class='ocr_line' id='line_1_45' title="bbox 934 2470 1667 2542; baseline 0.001 -21"><span class='ocrx_word' id='word_1_252' title='bbox 934 2470 1077 2521; x_wconf 86' lang='lat' dir='ltr'>Hanc</span> <span class='ocrx_word' id='word_1_253' title='bbox 1102 2473 1489 2523; x_wconf 81' lang='lat' dir='ltr'>emendationem</span> <span class='ocrx_word' id='word_1_254' title='bbox 1521 2490 1667 2542; x_wconf 85' lang='lat' dir='ltr'>egre-</span> 
     </span>
     <span class='ocr_line' id='line_1_46' title="bbox 935 2544 1664 2616; baseline 0.005 -24"><span class='ocrx_word' id='word_1_255' title='bbox 935 2544 1014 2613; x_wconf 78' lang='lat' dir='ltr'>gi&#39;e</span> <span class='ocrx_word' id='word_1_256' title='bbox 1046 2546 1236 2596; x_wconf 79' lang='lat' dir='ltr'>firmant</span> <span class='ocrx_word' id='word_1_257' title='bbox 1272 2548 1375 2597; x_wconf 81' lang='lat' dir='ltr'>haec</span> <span class='ocrx_word' id='word_1_258' title='bbox 1410 2551 1556 2598; x_wconf 78' lang='lat' dir='ltr'>verba</span> <span class='ocrx_word' id='word_1_259' title='bbox 1576 2582 1592 2604; x_wconf 84' lang='lat'>,</span> <span class='ocrx_word' id='word_1_260' title='bbox 1619 2566 1664 2616; x_wconf 78' lang='lat' dir='ltr'>c.</span> 
     </span>
     <span class='ocr_line' id='line_1_47' title="bbox 937 2619 1666 2686; baseline 0.005 -19"><span class='ocrx_word' id='word_1_261' title='bbox 937 2633 1040 2680; x_wconf 82' lang='lat'>24,</span> <span class='ocrx_word' id='word_1_262' title='bbox 1076 2619 1247 2686; x_wconf 85' lang='lat' dir='ltr'>quibus</span> <span class='ocrx_word' id='word_1_263' title='bbox 1289 2622 1569 2672; x_wconf 80' lang='lat' dir='ltr'>describitur</span> <span class='ocrx_word' id='word_1_264' title='bbox 1605 2640 1666 2671; x_wconf 84' lang='lat' dir='ltr'>ea</span> 
     </span>
     <span class='ocr_line' id='line_1_48' title="bbox 934 2693 1664 2761; baseline 0.003 -20"><span class='ocrx_word' id='word_1_265' title='bbox 934 2710 1043 2756; x_wconf 87' lang='lat' dir='ltr'>pars</span> <span class='ocrx_word' id='word_1_266' title='bbox 1067 2726 1083 2752; x_wconf 89' lang='lat'>,</span> <span class='ocrx_word' id='word_1_267' title='bbox 1116 2710 1221 2761; x_wconf 83' lang='lat' dir='ltr'>quae</span> <span class='ocrx_word' id='word_1_268' title='bbox 1259 2712 1285 2742; x_wconf 89' lang='lat' dir='ltr'>a</span> <span class='ocrx_word' id='word_1_269' title='bbox 1322 2693 1403 2744; x_wconf 89' lang='lat' dir='ltr'>Ti.</span> <span class='ocrx_word' id='word_1_270' title='bbox 1437 2696 1664 2760; x_wconf 87' lang='lat' dir='ltr'>Sempro·</span> 
     </span>
     <span class='ocr_line' id='line_1_49' title="bbox 935 2767 1665 2835; baseline 0.005 -20"><span class='ocrx_word' id='word_1_271' title='bbox 935 2767 1018 2816; x_wconf 86' lang='lat' dir='ltr'>nio</span> <span class='ocrx_word' id='word_1_272' title='bbox 1089 2769 1457 2834; x_wconf 83' lang='lat' dir='ltr'>oppugnabatur</span> <span class='ocrx_word' id='word_1_273' title='bbox 1497 2786 1511 2820; x_wconf 74' lang='lat' dir='ltr'>t</span> <span class='ocrx_word' id='word_1_274' title='bbox 1549 2787 1665 2835; x_wconf 78' lang='lat' dir='ltr'>pars</span> 
     </span>
     <span class='ocr_line' id='line_1_50' title="bbox 934 2840 1665 2911; baseline 0.005 -24"><span class='ocrx_word' id='word_1_275' title='bbox 934 2858 1028 2888; x_wconf 78' lang='lat' dir='ltr'>una</span> <span class='ocrx_word' id='word_1_276' title='bbox 1052 2872 1065 2896; x_wconf 86' lang='lat'><strong>,</strong></span> <span class='ocrx_word' id='word_1_277' title='bbox 1102 2840 1150 2889; x_wconf 78' lang='lat' dir='ltr'>in</span> <span class='ocrx_word' id='word_1_278' title='bbox 1178 2859 1266 2907; x_wconf 81' lang='lat' dir='ltr'>qua</span> <span class='ocrx_word' id='word_1_279' title='bbox 1296 2842 1493 2911; x_wconf 78' lang='lat' dir='ltr'>aedz‘ficia</span> <span class='ocrx_word' id='word_1_280' title='bbox 1524 2858 1665 2893; x_wconf 78' lang='lat' dir='ltr'>extra</span> 
     </span>
     <span class='ocr_line' id='line_1_51' title="bbox 935 2912 1313 2964; baseline 0.008 -3"><span class='ocrx_word' id='word_1_281' title='bbox 935 2912 1090 2963; x_wconf 80' lang='lat' dir='ltr'>urbem</span> <span class='ocrx_word' id='word_1_282' title='bbox 1133 2930 1313 2964; x_wconf 79' lang='lat' dir='ltr'>erant.-</span> 
     </span>
    </p>

    <p class='ocr_par' dir='ltr' id='par_1_15' title="bbox 930 2987 1668 3347">
     <span class='ocr_line' id='line_1_52' title="bbox 1011 2987 1668 3057; baseline -0.002 -20"><span class='ocrx_word' id='word_1_283' title='bbox 1011 3003 1042 3037; x_wconf 86' lang='lat'>2</span> <span class='ocrx_word' id='word_1_284' title='bbox 1084 2987 1267 3038; x_wconf 53' lang='lat' dir='ltr'>Horum</span> <span class='ocrx_word' id='word_1_285' title='bbox 1302 3005 1468 3057; x_wconf 74' lang='lat' dir='ltr'>magno</span> <span class='ocrx_word' id='word_1_286' title='bbox 1514 2991 1668 3037; x_wconf 58' lang='lat' dir='ltr'>certa:</span> 
     </span>
     <span class='ocr_line' id='line_1_53' title="bbox 931 3059 1661 3126; baseline 0 -18"><span class='ocrx_word' id='word_1_287' title='bbox 931 3059 1070 3109; x_wconf 80' lang='lat' dir='ltr'>mine.</span> <span class='ocrx_word' id='word_1_288' title='bbox 1103 3060 1125 3125; x_wconf 96' lang='lat'><strong>]</strong></span> <span class='ocrx_word' id='word_1_289' title='bbox 1171 3062 1334 3126; x_wconf 86' lang='lat' dir='ltr'>Quum</span> <span class='ocrx_word' id='word_1_290' title='bbox 1365 3063 1413 3111; x_wconf 76' lang='lat' dir='ltr'>hi</span> <span class='ocrx_word' id='word_1_291' title='bbox 1443 3063 1574 3110; x_wconf 74' lang='lat' dir='ltr'>inter</span> <span class='ocrx_word' id='word_1_292' title='bbox 1611 3060 1661 3109; x_wconf 90' lang='lat' dir='ltr'>se</span> 
     </span>
     <span class='ocr_line' id='line_1_54' title="bbox 931 3134 1660 3201; baseline -0.001 -20"><span class='ocrx_word' id='word_1_293' title='bbox 931 3150 1108 3201; x_wconf 78' lang='lat' dir='ltr'>magno</span> <span class='ocrx_word' id='word_1_294' title='bbox 1161 3134 1315 3184; x_wconf 78' lang='lat' dir='ltr'>studio</span> <span class='ocrx_word' id='word_1_295' title='bbox 1372 3144 1620 3182; x_wconf 83' lang='lat' dir='ltr'>certarent</span> <span class='ocrx_word' id='word_1_296' title='bbox 1640 3160 1660 3191; x_wconf 84' lang='grc'>,-</span> 
     </span>
     <span class='ocr_line' id='line_1_55' title="bbox 931 3207 1663 3271; baseline 0.003 -16"><span class='ocrx_word' id='word_1_297' title='bbox 931 3208 1035 3271; x_wconf 86' lang='lat' dir='ltr'>quis</span> <span class='ocrx_word' id='word_1_298' title='bbox 1065 3208 1340 3256; x_wconf 83' lang='lat' dir='ltr'>mandatum</span> <span class='ocrx_word' id='word_1_299' title='bbox 1372 3221 1494 3271; x_wconf 81' lang='lat' dir='ltr'>opus</span> <span class='ocrx_word' id='word_1_300' title='bbox 1528 3207 1663 3257; x_wconf 85' lang='lat' dir='ltr'>cele·</span> 
     </span>
     <span class='ocr_line' id='line_1_56' title="bbox 930 3277 1336 3347; baseline -0.01 -16"><span class='ocrx_word' id='word_1_301' title='bbox 930 3277 1028 3331; x_wconf 70' lang='lat' dir='ltr'>rius</span> <span class='ocrx_word' id='word_1_302' title='bbox 1054 3278 1336 3347; x_wconf 82' lang='lat' dir='ltr'>perficeret.</span> 
     </span>
    </p>
   </div>
   <div class='ocr_carea' id='block_1_15' title="bbox 1185 3345 1334 3428">
    <p class='ocr_par' dir='ltr' id='par_1_16' title="bbox 1185 3345 1334 3428">
     <span class='ocr_line' id='line_1_57' title="bbox 1185 3345 1334 3428; baseline 0 -18"><span class='ocrx_word' id='word_1_303' title='bbox 1185 3347 1240 3410; x_wconf 82' lang='lat' dir='ltr'>R</span> <span class='ocrx_word' id='word_1_304' title='bbox 1268 3345 1334 3428; x_wconf 66' lang='lat' dir='ltr'>fij</span> 
     </span>
    </p>
   </div>
  </div>
 </body>
</html>
