2175 3875
214 298 219 303 ,
422 217 847 292 Lan-nn
946 212 1333 291 XXXV.
1443 210 1669 314 ‘307

124 360 129 365 ,
213 307 368 377 XV.
392 314 597 377 Villius
634 316 706 376 ab
734 314 963 398 Epheso
988 315 1316 398 Apameam
1354 315 1624 396 processit
1645 335 1911 402 ;U.c.559.

122 395 212 459 eb
250 399 318 458 &
350 399 672 458 Antiochus
698 442 716 472 ‚
761 398 961 457 audito
994 396 1401 457 Romanorum
1437 398 1909 479 legato-a0C.193.

121 498 263 538 rum
328 478 580 541 adventu
623 524 640 552 ,
701 482 967 539 occurrit.
1019 479 1302 560 Apameae
1358 478 1669 561 congreffis
1709 506 1712 509 ·

118 559 480 642 disceptatio
521 561 728 621 eadem
758 560 942 622 ferme
973 558 1110 633 fuit,
1132 582 1261 642 quae
1280 559 1487 620 Romae
1517 564 1667 622 inter

114 639 446 720 Quintium
473 642 779 725 &legatos
799 644 953 726 regis
979 640 1184 702 fuerat.
1206 640 1373 703 Mors
1398 645 1668 703 nunciata
1694 648 1914 702 Moritur

113 723 412 785 Antiochi
457 720 559 782 filii
597 726 744 806 regis
769 768 788 799 ,
838 744 1019 805 quem
1058 721 1279 782 missum
1322 725 1496 805 paulo
1536 726 1797 792 ametegis
1831 725 1906 799 fh,

113 803 394 864 dixeram
421 807 481 864 in
510 803 738 885 Syriam
762 851 781 879 ‚
816 807 1048 865 diremit
1075 796 1389 886 coll'oquia.
1422 797 1795 888 Magnuslius·

113 884 313 945 lucius
349 888 411 945 in
462 906 525 945 re
572 889 622 945 ia
663 885 770 947 fuit
793 930 815 956 ‚
843 906 1238 966 magnumque
1284 884 1405 964 ejus
1443 883 1673 964 juvenis
1704 896 1709 903 '

114 966 501 1028 defiderium.
557 967 592 1025 d
626 971 781 1028 enim
806 967 925 1047 jam
960 967 1257 1048 specimen
1290 967 1370 1029 sui
1397 968 1674 1044 dederat,

114 1064 186 1107 ut
210 1093 229 1120 ,
267 1048 314 1108 fi
356 1054 478 1110 vita
510 1049 745 1131 longior
786 1051 942 1109 conti
986 1048 1148 1121 isset,
1192 1053 1386 1132 magni
1427 1048 1675 1131 justique

111 1133 276 1211 regis
319 1132 382 1191 in
421 1150 497 1191 eo
531 1132 792 1191 indolem
833 1070 992 1190 fuissge
1028 1151 1355 1212 appareret.
1395 1132 1539 1211 Quo
1569 1153 1671 1192 ca-

112 1213 243 1273 rior
271 1212 699 1292 acceptiorque
728 1213 997 1271 omnibus
1033 1229 1157 1272 erat
1184 1258 1203 1284 ‚
1239 1213 1313 1273 eo
1350 1233 1509 1273 mors
1543 1211 1673 1292 ejus

113 1291 443 1371 suspeffior
486 1291 591 1353 fuit
633 1319 651 1353 ε,
687 1313 925 1375 gravem
976 1292 1353 1354 successorem
1393 1314 1529 1355 eum
1570 1298 1671 1355 in-

109 1370 269 1432 stare
297 1372 578 1433 senestuti
603 1372 712 1432 suae
752 1393 978 1453 patrem
1009 1375 1350 1435 credentem
1373 1421 1391 1448 ‚
1416 1397 1522 1456 per
1545 1374 1672 1456 spa·-

114 1453 315 1514 dones
363 1454 643 1534 quosdam
682 1499 701 1528 ‚
739 1455 938 1513 talium
980 1455 1300 1514 ministeriis
1341 1455 1671 1518 facinorum

111 1554 417 1615 acceptos
441 1536 673 1616 regibus
699 1580 719 1607 ‚
747 1556 982 1597 veneno
1027 1534 1313 1595 sustuliffe.
1335 1534 1478 1595 Eam
1511 1558 1670 1617 quo-

112 1637 235 1698 que
290 1615 524 1675 causam
582 1615 934 1677 clandestino
985 1615 1670 1695 facinori-adjiciebant,

72 1740 85 1746 -
157 1698 288 1758 uod
319 1742 340 1770 ‚
367 1718 546 1779 quum
584 1697 835 1758 Seleuco
870 1697 991 1758 filio
1017 1697 1442 1779 Lysimachiam
1475 1698 1671 1759 dedis-

114 1719 202 1840 ?et
233 1825 253 1852 ‚
296 1778 604 1839 Antiocho
627 1800 801 1861 quam
824 1778 1070 1840 similem
1102 1780 1264 1842 daret
1285 1780 1482 1841 sedem
1507 1826 1526 1854 ‚
1549 1779 1584 1843 8
1605 1795 1672 1843 ut

70 1862 335 1943 ,procul
374 1861 444 1920 ab
486 1858 544 1919 se
592 1861 819 1921 honore
862 1882 996 1921 eum
1039 1883 1272 1944 quoque
1321 1862 1616 1944 ablegaret
1642 1906 1668 1936 ,

113 1962 243 2005 non
286 1941 596 2004 habuiffet.
619 1942 821 2025 Magni
857 1962 1052 2006 tamen
1093 1943 1274 2006 lucius
1309 1943 1528 2025 species
1558 1959 1673 2026 per

83 2026 359 2107 ‚aliquot
402 2025 524 2086 dies
566 2027 787 2106 regiam
824 2025 1300 2109 tenuitzlegatus
1330 2045 1401 2086 ue
1432 2025 1669 2086 Roma-

114 2127 228 2166 nus
255 2151 279 2178 ,
321 2125 400 2168 ne
444 2108 635 2165 alieno
673 2127 942 2188 tempore
984 2046 1396 2168 incommogus
1437 2107 1667 2167 obver-

113 2187 391 2260 saretur,
435 2186 780 2268 Pergamum
821 2186 1121 2260 concessit.
1161 2187 1290 2249 Rex
1331 2187 1618 2269 Ephesum
1642 2234 1668 2266 ,

114 2267 336 2329 omiffo
377 2269 538 2349 quod
562 2267 1140 2342 inchoaverassbello
1164 2315 1184 2344 ‚
1207 2269 1377 2330 rediit
1405 2291 1424 2343 3
1452 2270 1532 2330 ibi
1560 2290 1668 2350 per

112 2351 347 2412 luctum
387 2351 547 2432 regia
588 2351 827 2424 clausa,
866 2346 997 2411 cu'h'i
1039 2351 1311 2412 Minione
1352 2351 1612 2433 quodam
1641 2395 1666 2427 ‚

114 2434 218 2513 qui
255 2433 536 2514 princeps
570 2435 890 2492 amicorum
927 2431 1051 2510 ejus
1084 2451 1239 2506 erat,
1262 2432 1479 2493 secreta
1517 2452 1668 2495 con-

114 2514 240 2574 filia
278 2515 541 2595 agitavit.
577 2512 770 2573 Minio
811 2512 1043 2595 ignarus
1076 2517 1338 2573 omnium
1384 2533 1668 2575 externo-

112 2616 250 2655 rum
279 2609 321 2667 ‚'
348 2594 610 2675 viresque
653 2594 934 2654 aestimans
983 2597 1132 2677 regis
1173 2613 1210 2675 9
1259 2615 1333 2656 ex
1381 2597 1555 2658 rebus
1602 2597 1667 2657 in

113 2675 300 2759 Syria
326 2674 584 2744 autwAfia
613 2674 781 2758 gestis
805 2722 823 2751 ,
846 2698 965 2738 non
999 2676 1169 2736 causa
1200 2675 1384 2737 modb
1409 2676 1669 2758 superio·
1751 2709 1762 2720 ν

112 2778 251 2820 rem
302 2756 417 2818 effe
452 2758 813 2818 Antiochum
836 2804 857 2833 ‚
892 2758 1053 2842 qubd
1093 2757 1233 2820 nihil
1273 2762 1420 2841 aequi
1462 2757 1670 2842 postuq

191 2893 228 2945 8
257 2892 329 2944 Ut
341 2893 514 2961 procul
532 2893 590 2943 ab
606 2889 661 2959 se
677 2895 853 2945 bonore
926 2893 1080 2945 tiochi
1096 2928 1111 2952 ,
1137 2889 1307 2961 partim
1324 2892 1557 2945 adversus
1578 2911 1664 2946 re·

112 2984 222 3019 eum
240 2985 422 3034 quoque
440 2965 725 3036 ablegat-“J
750 2968 853 3018 Ho·
925 2969 1101 3027 belles,
1114 2970 1284 3035 partim
1298 2969 1528 3020 adversus
1545 2967 1663 3018 Pto-

115 3037 265 3099 ποτε,
288 3035 336 3092 iil
355 3040 425 3092 est
444 3075 459 3099 ,
478 3058 564 3107 pet
582 3043 819 3093 honorem
833 3076 849 3103 ‚
926 3045 1148 3094 lemaeum
1162 3042 1476 3109 Philopatora
1491 3053 1665 3105 regem

116 3130 213 3184 pet
234 3114 443 3179 speciem
463 3115 683 3167 honoris.
926 3117 1155 3185 AEgypti,
1172 3117 1296 3166 haud
1314 3114 1423 3165 sane
1441 3124 1662 3163 contem·

201 3202 234 3250 9
256 3188 338 3237 Ex
366 3188 502 3238 rebus
529 3194 582 3239 in
606 3189 750 3256 Syria
770 3205 853 3239 aut
926 3193 1101 3240 nendae
1120 3224 1134 3247 ‚
1165 3200 1492 3240 memorantur
1511 3202 1538 3235 a
1559 3184 1664 3236 Po-

118 3258 242 3328 Afia
254 3261 449 3333 gestis-J
466 3261 565 3315 Res
586 3262 727 3334 gesta
748 3263 854 3316 An·
926 3262 1065 3345 lybio
1089 3298 1107 3326 ‚
1134 3263 1253 3317 libb.
1280 3262 1354 3319 IV
1382 3261 1434 3313 δι
1458 3259 1546 3316 v:
1619 3289 1626 3294 ὴ
