2175 3875
402 207 460 282 L
509 227 540 279 1
590 221 636 278 Β
688 222 732 279 ε
780 226 830 279 n
940 200 1318 280 xxxv.
1493 152 1644 299 305]

89 321 212 395 per
231 301 500 367 Ciciliam
525 352 544 378 ‚
567 305 769 365 Tauro
800 323 1000 366 monte
1033 304 1301 383 superato
1324 350 1343 379 ‚
1367 319 1636 364 extremo
1658 296 1892 389 {Leno}

98 405 227 466 jam
264 389 465 448 hiemis
506 385 796 466 Ephelum
835 389 1143 466 pervenit;
1181 386 1316 447 inde
1349 386 1640 465 principio
1658 391 1900 460 a.C.193.'

101 470 299 542 veris»,
319 469 618 529 Antiocho
648 465 770 527 filio
801 465 967 528 misso
998 470 1057 529 in
1086 467 1317 547 Syriam
1350 465 1422 525 ad
1459 464 1642 546 custo-f

102 546 265 606 diam
309 551 638 610 ultimarum
683 552 930 629 partium
975 552 1139 629 regni
1172 581 1193 621 5
1228 567 1302 607 ne
1343 547 1480 627 quid
1526 548 1643 607 ab·

97 624 267 688 sente
295 628 353 691 se
388 653 422 691 a
453 650 622 712 tergo
653 646 990 691 moveretur
1010 674 1029 702 ‚
1050 627 1172 710 ipse
1207 647 1341 689 cum
1369 628 1643 689 omnibus

94 710 465 771 terrestribus
505 714 686 793 copiis
720 711 797 770 ad
826 709 1034 771 Pisidas
1061 755 1079 782 ,
1116 711 1214 789 qui
1249 712 1396 769 circa
1438 708 1641 771 Sidam

93 789 369 852 incolunt
393 838 413 865 ‚
443 815 523 874 op
569 793 873 874 ugnandos
913 790 994 852 est
1028 789 1341 871 profecius.
1367 788 1456 850 Eo
1484 810 1641 851 tem·
1689 811 1694 816 ’

99 891 264 952 pore
303 874 477 956 legati
579 877 775 933 omani
816 873 880 934 P.
921 870 1205 953 Sulpicius
1234 915 1254 945 ,
1284 871 1348 930 P.
1382 871 1592 933 Villius
1620 919 1640 946 ‚
1721 876 1896 950 Legati

100 955 213 1032 qui
266 953 339 1013 ad
403 954 760 1016 Antiochum
810 952 999 1036 (sicut
1054 954 1190 1015 ante
1246 951 1459 1013 diEth
1514 953 1640 1037 est)
1664 954 1800 1004 Rom·
1826 954 1890 1005 01

74 1031 259 1093 =miffi
282 1055 445 1095 erant
467 1081 488 1105 ,
510 1032 635 1111 juffi
672 1036 827 1115 prius
859 1034 1184 1096 Eumenem
1210 1034 1368 1095 adire
1387 1080 1406 1106 ‚
1428 1033 1639 1096 Elaeam
1660 1027 1845 1076 '‘¹⁰²1‘'-

74 1111 374 1187 'venere3
424 1118 565 1177 inde
609 1115 950 1197 Pergamum
997 1115 1139 1198 (ibi
1180 1118 1338 1193 regia
1372 1103 1813 1179 Eumenis·⁶'¹“'”·

101 1192 269 1275 fuit)
301 1194 701 1258 ascenderunt.
738 1195 1004 1277 Cupidus
1036 1197 1177 1256 belli
1211 1197 1487 1257 adversus
1515 1199 1651 1258 An·-

104 1278 380 1336 tiochum
412 1277 705 1339 Eumenes
737 1295 859 1339 erat
884 1299 897 1336 ε
925 1298 1211 1361 gravem,
1231 1276 1280 1337 si·
1308 1299 1423 1358 pax
1461 1278 1602 1341 esset
1627 1322 1653 1354 ‚

105 1358 382 1417 accolam
432 1361 597 1418 tanto
649 1362 1039 1439 potentiorem
1089 1379 1164 1437 re(
1196 1379 1289 1418 em
1348 1362 1651 1435 credens;

106 1440 397 1500 eumdem
428 1486 447 1512 ,
480 1439 524 1499 fi
568 1459 794 1500 motum
831 1443 1052 1500 bellum
1094 1461 1126 1499 e
1175 1457 1232 1499 et
1255 1486 1273 1513 ,
1310 1461 1432 1500 non
1470 1443 1653 1523 magis

105 1539 322 1600 parem
369 1520 649 1581 Romanis
691 1520 819 1581 fore
868 1521 1042 1603 quem
1088 1520 1380 1602 Philippus
1419 1520 1642 1582 fuisset:

109 1600 178 1662 &
210 1619 315 1661 aut
348 1599 604 1662 funditus
644 1601 920 1663 sublatum
958 1605 1068 1676 iri3
1107 1622 1204 1661 aut
1224 1648 1242 1675 ‚
1267 1601 1308 1662 fi
1346 1623 1459 1683 pax
1490 1602 1650 1665 vicio

110 1681 353 1743 daretur
385 1727 405 1755 ‚
443 1685 625 1744 multa
666 1684 747 1743 illi
786 1683 1039 1745 dett-asta
1082 1682 1188 1743 fibi
1221 1682 1538 1757 acceffnm,
1585 1701 1651 1744 ut

109 1761 290 1825 facile
324 1764 542 1825 deinde
572 1764 630 1826 se
658 1766 733 1824 ab
769 1786 844 1825 eo
874 1810 893 1838 ‚
928 1764 1046 1825 stne
1080 1765 1202 1825 ullo
1231 1764 1506 1825 Romano
1543 1786 1652 1824 au-

114 1846 260 1906 xilio
283 1888 305 1919 ‚
337 1849 487 1906 tueri
522 1845 747 1928 posset:
772 1849 947 1906 etiam
982 1844 1027 1906 fi
1057 1846 1196 1927 quid
1231 1844 1452 1907 adversi
1488 1844 1652 1907 casu·

112 1947 248 1986 rum
291 1925 447 1989 foret
477 1974 498 2001 ,
542 1927 710 1989 satius
747 1927 861 1990 esse
903 1927 1185 1992 Romanis
1224 1926 1389 1989 sociis
1435 1949 1651 2009 quam-

111 2029 372 2089 cumque
432 2010 723 2071 fortunam
782 2010 967 2071 subire
1008 2055 1029 2083 ,
1076 2010 1253 2090 quum
1310 2009 1494 2070 solum
1550 2027 1652 2073 aut

114 2090 430 2170 imperium
476 2095 597 2172 pati
644 2093 926 2153 Antiochi
969 2135 989 2165 ,
1043 2109 1141 2153 aut
1192 2093 1542 2152 abnuentem
1587 2091 1655 2153 vi
1729 2125 1738 2132 ν

115 2188 296 2252 atque
334 2175 505 2232 armis
544 2173 696 2255 cogi.
729 2172 833 2233 Ob
874 2173 996 2232 haec
1024 2216 1044 2245 ‚
1087 2174 1367 2254 quantum
1400 2172 1654 2233 auciori-

112 2266 237 2313 tate
257 2298 278 2328 ‚
317 2257 600 2334 quantum
638 2253 878 2315 consilio
906 2253 1186 2332 valebat}
1215 2254 1487 2316 incitabat
1521 2251 1651 2323 Ro-

116 2353 326 2394 manos
360 2334 436 2395 ad
477 2335 720 2403 bellum.
1595 2399 1602 2406 ,

196 2413 375 2477 XIV.
410 2415 697 2494 Sulpicius
731 2436 884 2497 aeger
919 2413 1182 2498 Pergami
1219 2412 1473 2477 substitit.
1508 2414 1650 2492 Vila‘

113 2491 226 2557 lius
303 2518 442 2558 uum
471 2494 688 2557 Pifidiae
721 2496 882 2557 bello
919 2514 1267 2578 occupatum
1299 2494 1647 2581 diei-egem
1765 2502 1773 2508 ’

117 2516 362 2639 audiam
382 2622 402 2652 ,
433 2576 726 2660 Ephesum
762 2575 1053 2657 profefius
1073 2623 1096 2653 ‚
1130 2578 1267 2639 dum
1306 2598 1524 2658 paucos
1561 2580 1649 2640 ibi

116 2663 381 2719 moretur
418 2659 544 2720 dies
572 2704 593 2733 ‚
628 2658 789 2720 dedit
824 2679 1066 2739 operam
1109 2676 1173 2718 ut
1212 2678 1343 2719 cum
1376 2657 1648 2720 Anniba-

116 2738 173 2799 le
197 2784 217 2813 ‚
251 2743 351 2820 qui
388 2755 516 2800 xum
555 2741 639 2800 ibi
681 2737 832 2801 forte
866 2756 989 2801 erat
1016 2785 1037 2812 ‚
1067 2739 1217 2820 saepe
1253 2739 1649 2821 congredere·-

116 2835 210 2880 tur
234 2841 249 2879 ι
273 2839 339 2881 ut
375 2823 632 2881 animum
660 2817 784 2899 ejus
811 2820 876 2882 &
899 2836 1153 2882 tentaret
1169 2866 1189 2895 ‚
1213 2819 1257 2881 fi
1280 2823 1393 2901 qua
1417 2820 1604 2903 posset
1622 2863 1646 2896 ,
1683 2843 1695 2876 ·.

121 2900 186 2960 &
235 2918 462 2962 metum
512 2904 775 2964 demeret
824 2903 1064 2983 periculi
1110 2905 1168 2963 ei
1221 2903 1528 2984 quicquam
1573 2903 1650 2963 ab

119 2977 403 3042 Romanis
475 2981 608 3045 effe.
673 2983 780 3043 His
834 2983 1140 3064 colloquiis
1193 2983 1350 3043 aliud
1410 2982 1649 3065 quidem

120 3060 310 3122 affium
331 3062 472 3123 nihil
504 3063 585 3126 est
613 3064 906 3126 :secutum
943 3081 1143 3127 tamen
1172 3062 1267 3124 sui
1301 3062 1503 3144 sponte
1530 3060 1653 3135 est,

6 3177 9 3230 ss
122 3143 286 3202 velut
330 3143 570 3206 consilio
610 3147 855 3226 petitum
890 3143 1031 3206 effet
1065 3191 1087 3221 ‚
1130 3162 1192 3205 ut
1236 3145 1409 3207 vilior
1456 3141 1538 3201 ob
1581 3161 1656 3203 ea

121 3225 248 3311 {egi
287 3227 591 3313 Annibal,
630 3226 695 3292 ὅ(
731 3225 1036 3311 suspeetior
1092 3226 1169 3292 ad
1219 3226 1420 3290 omnia
1469 3220 1701 3310 fieret-1*
