2175 3875
430 180 864 253 Linea
961 176 1347 254 XXXV.
1530 202 1661 281 325

105 287 270 337 'cum
310 281 734 358 pertraherent.
772 276 964 339 Effuse
1014 279 1190 341 secuti
1232 277 1522 362 fugientes
1565 300 1672 362 per
1686 294 1917 356 U,c‚560.·

44 364 61 375 ‘
113 360 513 433 convallem,
550 361 815 444 plerique
855 361 916 422 &
957 356 1288 434 vulnerati,
1328 363 1392 421 δι
1429 360 1920 427 interfe·.z·C·192.
1955 420 1964 429 ,

117 437 210 498 cti
244 439 409 516 sunt,
435 442 764 524 priusquam
798 442 1095 503 occultum
1129 440 1354 504 hostem
1381 438 1676 506 viderent.

120 515 360 583 Cetrati
399 525 475 583 ita
510 569 530 597 ‚
587 545 869 605 quantum
915 524 1164 585 latitudo
1211 524 1378 585 vallis
1419 525 1684 606 patieba-
1739 536 1743 543 '

110 618 260 677 tur,
315 604 567 664 instrucii
611 605 912 679 sederant,
945 624 1010 664 ut
1045 604 1214 666 facile
1247 626 1352 687 per
1376 607 1682 668 intervalla

105 686 408 745 o'rdinurn
434 684 722 769 fugientes
753 685 884 748 suos
920 692 1270 767 acciperent.
1300 680 1680 770 Consurgunt

107 765 353 828 deinde
388 766 494 849 ipfi
538 766 784 851 integri,
825 788 1130 843 recentes»,
1171 769 1463 830 instruai:
1509 772 1573 831 ὅ(
1613 773 1676 831 in

106 846 330 909 hostes
390 850 797 923 inordinatos»,
854 848 1105 924 effus05‚
1141 849 1343 911 labore
1390 852 1565 912 etiam
1610 850 1678 912 δι

105 930 468 990 vulneribus
503 929 714 1005 feffos,
753 933 828 992 im
878 953 1036 993 etum
1061 928 1301 996 faciunt.
1341 927 1471 1015 Nec
1506 932 1680 994 dubia

103 1007 378 1071 vicioria
413 1011 554 1085 fuit3
583 955 885 1096 extemplo
920 1033 1082 1096 terga
1111 1015 1270 1075 dedit
1303 1017 1537 1095 tyranni
1566 1016 1678 1075 mi-

100 1091 205 1152 les
239 1112 254 1150 :
302 1094 368 1152 &
412 1094 566 1154 haud
657 1094 790 1155 aulo
833 1095 1216 1158 concitatiore
1253 1096 1414 1158 cursu
1439 1139 1461 1170 ,
1500 1095 1678 1178 quam

101 1171 360 1234 secutus
391 1194 514 1237 erat
535 1221 557 1248 ,
596 1118 858 1259 tilgiens,
893 1175 966 1237 ad
994 1176 1178 1237 castra
1197 1175 1287 1243 1:st
1317 1177 1682 1260 compulsus;

101 1256 304 1317 multi
352 1255 480 1316 caesi
519 1262 784 1340 captique
818 1258 877 1325 in
910 1279 981 1319 ea
1008 1259 1145 1342 fuga
1179 1259 1325 1321 sunt.
1369 1258 1442 1320 Et
1483 1263 1541 1319 in
1581 1282 1680 1322 ca-

101 1336 252 1398 stris
294 1358 538 1421 quoque
562 1339 720 1402 foret
755 1341 1146 1421 trepidatum,
1187 1344 1242 1401 ni
1265 1342 1427 1403 Philo
1475 1362 1677 1404 nemen

97 1422 398 1500 receptui
441 1424 565 1480 cani
605 1419 831 1500 juffisset
861 1420 1032 1484 :loca
1068 1427 1249 1505 magis
1291 1365 1678 1507 conffagosffi
1757 1494 1760 1497 ¹

102 1504 181 1563 &
217 1546 242 1572 ,
296 1521 664 1584 quacumque
710 1520 932 1566 temere
995 1499 1389 1587 proceffiffet,
1439 1507 1676 1586 iniqua,

98 1583 311 1666 quam
352 1582 574 1645 hostem
613 1606 907 1647 metuens:
938 1584 1084 1647 Inde
1119 1586 1183 1647 δ’(
1214 1606 1283 1648 ex
1311 1581 1540 1647 fortuna
1562 1609 1680 1668 pu-

99 1686 255 1749 gnae
281 1710 303 1739 ,
355 1665 419 1726 &
463 1686 536 1726 ex
566 1666 804 1752 ingenio
840 1667 997 1728 ducis
1035 1664 1366 1747 conjefians
1391 1714 1410 1743 ‚
1454 1671 1514 1728 in
1559 1690 1680 1750 quo

98 1768 249 1810 turn
277 1748 326 1805 is
365 1768 585 1829 pavore
627 1748 804 1823 esset,
838 1772 1017 1810 unum
1047 1749 1121 1810 de
1157 1751 1517 1811 auxiliaribus
1545 1748 1682 1831 spe·

101 1832 207 1891 cie
265 1829 581 1912 transfugae
605 1831 779 1892 mittit
820 1832 890 1891 ad
928 1852 1062 1892 eum
1089 1877 1107 1905 ‚
1139 1834 1236 1912 qui
1273 1853 1379 1912 pro
1407 1849 1682 1910 comper·-

100 1929 178 1975 to
221 1907 467 1973 afferret
488 1959 506 1984 ‚
525 1910 798 1975 'Achaeos
820 1911 1063 1976 statuiffe
1086 1911 1319 1995 postero
1344 1913 1437 1974 die
1461 1912 1533 1972 ad
1565 1908 1685 1973 Eu-

99 2014 325 2057 rotam
372 2014 641 2071 amnem,
679 1998 778 2079 qui
827 2018 1017 2078 prope
1057 1994 1190 2077 ipsis
1234 1994 1413 2057 affluit
1458 1997 1685 2056 moeni·-

84 2079 238 2139 'bus
263 2122 283 2152 ‚
328 2076 655 2157 procedere
683 2124 700 2154 ,
732 2096 793 2139 ut
830 2080 1284 2140 intercluderent
1315 2079 1424 2139 iter
1447 2087 1472 2151 ;'
1493 2099 1567 2137 ne
1587 2092 1689 2139 aut
1777 2145 1780 2152 ,

104 2178 428 2241 tyrannus
452 2203 472 2235 ‚
526 2180 705 2240 quum
742 2159 966 2234 vellet,
1006 2179 1308 2300 receptum
1360 2159 1433 2219 ad
1475 2157 1684 2221 urbem

102 2243 384 2305 haberet
415 2262 434 2313 ·,
465 2259 565 2300 aut
605 2259 964 2303 commeatus
987 2243 1059 2303 ab
1081 2265 1144 2301 ur
1192 2261 1224 2300 e
1250 2244 1308 2301 in
1342 2239 1516 2301 castra
1534 2264 1686 2323 por·-

104 2342 451 2387 tarentur:
496 2320 658 2384 simul
706 2326 881 2386 etiam
928 2342 1298 2397 tentaturos»,
1338 2321 1379 2382 st
1432 2344 1683 2405 quotum

106 2407 316 2469 animi
361 2402 645 2468 sollicitari
688 2405 760 2464 ad
797 2404 1188 2467 defeffio'nem
1214 2427 1245 2463 a
1268 2423 1520 2484 tyranno
1543 2404 1682 2486 pos-

108 2489 282 2552 sent.
319 2485 463 2548 Non
493 2508 615 2548 tam
640 2486 821 2548 fidem
847 2486 1006 2548 dictis
1029 2485 1270 2569 perfuga
1292 2485 1430 2546 fecit
1461 2533 1477 2556 ,
1506 2486 1679 2568 quarn
1763 2490 1930 2555 Castra

162 2567 410 2634 erculso
452 2590 614 2630 metu
652 2569 1014 2651 relinquendi
1063 2567 1239 2628 castra
1273 2567 1494 2628 causam
1538 2591 1678 2650 pro·
1695 2566 1868 2636 deserit

106 2596 399 2718 flabilem
437 2653 702 2732 praebuit.
740 2649 976 2712 Postero
1012 2651 1106 2712 die
1129 2648 1524 2732 Pythagoram
1551 2672 1682 2711 cum
1698 2653 1927 2714 ‘flamm'

109 2733 519 2802 auxiliaribus·
568 2735 632 2793 δι
693 2735 950 2815 equitatu
1009 2732 1312 2793 stationem
1355 2752 1527 2814 agere
1574 2754 1685 2813 pro

109 2817 303 2883 vallo
347 2812 538 2895 juffit3
575 2813 696 2895 ipse
716 2861 734 2887 ‚
767 2834 1042 2896 tanquam
1085 2817 1147 2873 in
1169 2816 1354 2875 aciem
1378 2859 1396 2884 ,
1426 2834 1558 2873 cum
1584 2836 1690 2875 ro-

111 2904 287 2965 bore
324 2896 612 2959 exercitiis
646 2894 897 2980 egressus
920 2941 938 2971 ‚
971 2895 1126 2980 figna
1149 2898 1307 2957 ocius
1335 2892 1471 2956 ferri
1498 2897 1571 2956 ad
1592 2916 1691 2957 ur-

114 2984 284 3046 bem
329 2977 502 3058 juffit.
648 3022 659 3030 „
1309 2979 1322 2986 ’
1373 3039 1396 3050 ,

217 3061 429 3123 ΧΧΧ.
472 3060 887 3143 Philopoemen
910 3058 1109 3143 postea
1156 3080 1288 3121 uam
1326 3060 1558 3119 citatum
1587 3076 1695 3138 ag·

118 3166 279 3212 men
331 3166 440 3228 per
497 3144 797 3226 angustam
861 3145 925 3205 &
987 3082 1311 3225 proclivem
1357 3144 1511 3199 viam
1567 3136 1699 3198 duci

119 3231 351 3315 raptim
399 3228 556 3299 vidit
581 3270 603 3306 ‚
646 3228 964 3310 equitatum
1004 3243 1288 3301 omnem,
1330 3223 1394 3284 &
1432 3215 1705 3310 Creten-5
