2175 3875
384 275 812 348 Lini-:n
911 274 1293 349 XXXV.
1467 296 1601 370 353

96 368 523 452 quingentorum
545 372 794 435 militum
834 370 1176 436 Chalcidem
1196 417 1216 447 ‚
1292 373 1607 454 ningento·
1628 392 1864 455 υ.ς.ς6σ.

92 468 213 509 rum
259 451 525 517 Piraeeum
577 456 879 537 extemplo
918 455 1210 516 miserunt.
1318 470 1401 513 rat
1439 455 1598 514 enim
1627 461 1860 524 a.C.19z.

94 527 234 591 haud
274 536 470 613 procul
509 536 790 597 seditione
823 536 1071 598 Athenis
1097 558 1219 608 res,
1248 535 1610 596 trahentibus

90 610 161 669 ad
195 613 547 676 Antiochum
582 617 925 699 quibusdam
958 618 1055 700 spe
1092 618 1464 699 largitionum
1493 635 1611 676 ve-

85 692 289 755 nalem,
311 699 501 777 pretio
545 700 975 760 multitudinem
1008 745 1026 772 ,
1059 699 1251 759 donec
1287 700 1360 757 ab
1396 699 1464 757 iis
1502 699 1603 776 qui

87 770 356 837 Romanae
441 781 574 841 artis
619 801 782 842 erant
821 780 1101 861 Quintius
1133 779 1213 840 est
1254 782 1462 839 accitus
1486 822 1505 851 ‚
1536 779 1603 838 &

87 854 366 920 accusante
400 801 630 922 Re'onte
664 862 921 942 quodam
963 860 1371 941 Apollodorus
1405 860 1605 921 ευξὶοι·

89 931 409 1022 defeffionis
451 942 756 1003 damnatus
794 952 823 1015 ‚⁸
873 960 1046 1023 atque
1103 944 1163 1002 in
1197 940 1479 1015 *exsilium
1520 939 1605 1001 est

89 1015 309 1092 ejefius.
346 1019 532 1087 Enab
578 1024 808 1083 Achaeis
851 1024 1086 1104 quidem
1127 1044 1261 1083 cum
1304 1020 1442 1082 tristi
1483 1020 1608 1082 res·

85 1100 259 1174 ponso
296 1101 510 1183 legatio
542 1104 617 1164 ad
656 1124 857 1187 regem
879 1105 1071 1166 rediit.
1095 1102 1291 1165 Boeoti
1321 1102 1457 1174 nihil
1479 1122 1608 1164 cer-

83 1178 127 1236 ti
156 1179 249 1239 res
276 1186 569 1246 cuderunt
608 1205 623 1244 :
673 1207 835 1266 quum
880 1188 1199 1249 Antiochus
1235 1188 1293 1245 in
1333 1188 1604 1247 Boeotiam

83 1203 328 1339 veniffgt,
366 1285 479 1326 tum
516 1269 654 1349 quid
671 1268 782 1348 fibi
800 1264 1137 1345 fhciundum
1175 1264 1342 1344 effic,
1355 1266 1418 1343 s}
1454 1268 1606 1326 deli-

84 1339 350 1409 beraturos
398 1346 518 1427 effi.
569 1347 897 1409 Antiochus
945 1369 1124 1429 quum
1181 1347 1255 1408 ad
1305 1345 1604 1411 Chalcidis

84 1420 430 1501 praesidium,
474 1430 541 1489 &
579 1428 879 1502 Achaeos,
927 1431 992 1490 δι
1035 1428 1360 1490 Eumenem
1398 1448 1602 1511 regem

82 1500 274 1567 mifiss'e
302 1507 583 1582 audisset3
623 1510 1026 1572 maturandum
1059 1529 1213 1570 ratus
1232 1555 1250 1582 ‚
1274 1528 1338 1571 ut
1367 1510 1432 1569 81.
1452 1530 1606 1590 prae-

82 1587 332 1649 venirent
374 1589 456 1651 sui
484 1636 505 1665 ,
542 1591 605 1650 ὃ(
630 1595 935 1653 venientes
960 1637 979 1665 ,
1013 1591 1055 1653 fi
1080 1589 1341 1673 possent,
1364 1593 1605 1668 excipe-

80 1683 237 1742 rent,
291 1669 843 1752 Menippumxcum
890 1673 1067 1733 tribus
1128 1672 1313 1732 ferme
1350 1671 1604 1731 millibus

83 1746 310 1811 militum
331 1797 354 1825 ,
396 1753 461 1813 &
487 1774 618 1813 cum
652 1757 815 1814 omni
836 1752 998 1814 classe
1021 1751 1448 1835 Polyxenidam
1470 1750 1603 1810 mit·

84 1827 176 1899 tit;
212 1830 326 1913 ipse
376 1854 599 1915 paucos
654 1832 782 1915 post
827 1833 948 1895 dies
989 1832 1085 1894 sex
1138 1834 1317 1903 millia
1368 1830 1601 1897 suorum

85 1908 351 1990 militum,
395 1914 460 1977 &
494 1935 566 1977 ex
609 1923 684 1976 ea'
714 1916 885 1995 copia
906 1962 923 1989 ,
963 1915 1330 1996 quae‘Lamiae
1351 1892 1606 1995 restnte

83 1990 261 2076 colligi
303 1999 539 2076 potuit,
594 2018 713 2057 non
762 2002 838 2057 ita
884 2000 1100 2058 multos
1137 1995 1367 2058 AEtolos
1424 1995 1604 2056 ducit.

84 2069 271 2135 Achaei
312 2080 659 2160 quingenti,
703 2078 766 2139 &
806 2077 1179 2156 abEumene
1217 2096 1356 2158 rege
1397 2075 1604 2138 modi-

83 2171 202 2214 cum
239 2160 516 2220 auxilium
564 2157 826 2231 missum,
867 2160 1015 2221 duce
1050 2158 1382 2219 Xenoclide
1423 2155 1618 2235 Chal--
1673 2209 1681 2213 .

82 2233 275 2299 cidenfi
293 2284 312 2312 ,
345 2241 618 2301 nondum
653 2239 888 2301 obsessis
908 2242 1206 2304 itineribus
1231 2284 1251 2314 ‚
1271 2241 1401 2299 turb
1423 2237 1602 2301 trans·

82 2315 234 2393 greffi
265 2319 548 2402 Euripum
571 2367 590 2395 ‚
633 2320 978 2384 Chalcidem
1017 2340 1432 2402 pervenerunt.
1471 2317 1603 2382 Ro-

83 2400 224 2457 mani
250 2403 462 2465 milites
526 2406 785 2485 uingenti
806 2403 989 2470 ferme
1021 2406 1084 2463 &
1113 2402 1215 2483 ipsi
1239 2447 1258 2472 ,
1281 2422 1460 2482 quum
1479 2400 1600 2483 jam

80 2472 385 2564 Menippus
422 2507 492 2545 ca
544 2505 602 2543 ta
641 2502 773 2544 ante
804 2483 1086 2565 Salganea
1121 2484 1196 2542 ad
1223 2482 1558 2544 Hermaeum
1579 2526 1598 2557 ,

80 2564 179 2636 qua
219 2565 481 2630 transitus
524 2585 598 2625 ex
642 2564 875 2627 Boeotia
906 2569 966 2625 in
1015 2563 1302 2632 Euboearn
1356 2564 1597 2624 insulam

79 2638 190 2715 est,
227 2645 512 2720 haberet,
550 2666 860 2708 venerunt.
898 2645 1125 2707 ‘Mi-{iio
1163 2663 1295 2705 -erat
1346 2666 1478 2705 cum
1527 2647 1599 2704 iis

74 2717 290 2806 legatus
324 2749 358 2787 a
410 2726 697 2790 Chalcide
741 2728 816 2787 ad
852 2726 1166 2804 Quintium
1209 2728 1281 2786 ad
1319 2728 1378 2806 id
1412 2726 1598 2807 ipsum

74 2802 384 2879 praefidium
434 2810 760 2890 petendum
804 2807 1041 2881 missus3
1082 2809 1183 2889 qui
1222 2805 1599 2889 posteaquam

80 2882 311 2948 obsess'as
354 2888 429 2947 ab
476 2887 729 2950 hostibus
790 2888 984 2950 fauces
1039 2890 1227 2960 vidit,
1271 2888 1476 2949 omisso
1522 2887 1599 2947 ad

79 2961 350 3029 Aulidem
394 2971 644 3045 itinere,
695 2969 937 3031 Delium
978 2972 1310 3045 convertit,
1357 2987 1421 3031 ut
1460 2970 1598 3029 inde

76 3043 132 3103 in
168 3043 452 3110 Euboeam
491 3045 917 3112 transmissurus.
1606 3077 1695 3127 Ad
1727 3078 1842 3129 De,

149 3125 245 3194 LI.
268 3128 592 3212 Templum
615 3131 696 3194 est
715 3132 1007 3214 Apollinis
1024 3127 1265 3193 Delium
1288 3132 1596 3192 imminens
1610 3151 1723 3201 lium
1742 3152 1850 3218 κβ

77 3212 247 3270 mari:
275 3215 535 3294 quinque
559 3215 736 3274 millia
758 3212 1013 3294 passuum
1045 3236 1078 3274 a
1105 3210 1374 3293 Tanagra
1398 3207 1554 3276 abest
1576 3224 1782 3282 milites

53 3289 256 3355 'minus
305 3309 558 3379 quatuor
597 3296 838 3386 millium
876 3295 1032 3358 inde
1068 3297 1128 3372 in
1160 3293 1427 3377 proxima
1469 3289 1837 3364 EUQR0m21‘·

274 3597 307 3620 Β
