<?xml version="1.0" encoding="UTF-8"?>
<!DOCTYPE html PUBLIC "-//W3C//DTD XHTML 1.0 Transitional//EN"
    "http://www.w3.org/TR/xhtml1/DTD/xhtml1-transitional.dtd">
<html xmlns="http://www.w3.org/1999/xhtml" xml:lang="en" lang="en">
 <head>
  <title>
</title>
<meta http-equiv="Content-Type" content="text/html;charset=utf-8" />
  <meta name='ocr-system' content='tesseract 3.04.00' />
  <meta name='ocr-capabilities' content='ocr_page ocr_carea ocr_par ocr_line ocrx_word'/>
</head>
<body>
  <div class='ocr_page' id='page_1' title='image "./tliviipatavinih34unkngoog_0351.png"; bbox 0 0 2175 3875; ppageno 0'>
   <div class='ocr_carea' id='block_1_1' title="bbox 432 224 1664 318">
    <p class='ocr_par' dir='ltr' id='par_1_1' title="bbox 432 224 1664 318">
     <span class='ocr_line' id='line_1_1' title="bbox 432 224 1664 318; baseline -0.011 -13"><span class='ocrx_word' id='word_1_1' title='bbox 432 236 860 306; x_wconf 64' lang='lat' dir='ltr'>me</span> <span class='ocrx_word' id='word_1_2' title='bbox 964 224 1339 299; x_wconf 79' lang='lat' dir='ltr'><strong>xxxv.</strong></span> <span class='ocrx_word' id='word_1_3' title='bbox 1528 245 1664 318; x_wconf 76' lang='lat'>343</span> 
     </span>
    </p>
   </div>
   <div class='ocr_carea' id='block_1_2' title="bbox 14 316 1919 2777">
    <p class='ocr_par' dir='ltr' id='par_1_2' title="bbox 144 316 1916 1224">
     <span class='ocr_line' id='line_1_2' title="bbox 149 316 1915 412; baseline -0.007 -21"><span class='ocrx_word' id='word_1_4' title='bbox 149 329 432 412; x_wconf 85' lang='lat' dir='ltr'>Purpureo</span> <span class='ocrx_word' id='word_1_5' title='bbox 470 348 680 412; x_wconf 85' lang='lat' dir='ltr'>praetor</span> <span class='ocrx_word' id='word_1_6' title='bbox 707 328 939 391; x_wconf 84' lang='lat' dir='ltr'>Gallico</span> <span class='ocrx_word' id='word_1_7' title='bbox 971 327 1133 387; x_wconf 86' lang='lat' dir='ltr'>bello</span> <span class='ocrx_word' id='word_1_8' title='bbox 1163 344 1341 383; x_wconf 88' lang='lat' dir='ltr'>unam</span> <span class='ocrx_word' id='word_1_9' title='bbox 1362 364 1384 396; x_wconf 89' lang='lat'><strong>,</strong></span> <span class='ocrx_word' id='word_1_10' title='bbox 1426 318 1668 385; x_wconf 83' lang='lat' dir='ltr'>alteram</span> <span class='ocrx_word' id='word_1_11' title='bbox 1681 316 1915 402; x_wconf 36' lang='grc' dir='ltr'>[13.ςόὸὸ-</span> 
     </span>
     <span class='ocr_line' id='line_1_3' title="bbox 154 403 1912 491; baseline -0.006 -20"><span class='ocrx_word' id='word_1_12' title='bbox 154 413 385 488; x_wconf 81' lang='lat' dir='ltr'>consu13</span> <span class='ocrx_word' id='word_1_13' title='bbox 418 413 710 474; x_wconf 85' lang='lat' dir='ltr'>dedicavit</span> <span class='ocrx_word' id='word_1_14' title='bbox 754 410 841 491; x_wconf 86' lang='lat' dir='ltr'>Q.</span> <span class='ocrx_word' id='word_1_15' title='bbox 884 406 1142 471; x_wconf 81' lang='lat' dir='ltr'>Marcius</span> <span class='ocrx_word' id='word_1_16' title='bbox 1175 405 1343 465; x_wconf 85' lang='lat' dir='ltr'>Ralla</span> <span class='ocrx_word' id='word_1_17' title='bbox 1378 403 1667 463; x_wconf 75' lang='lat' dir='ltr'>duumvir.</span> <span class='ocrx_word' id='word_1_18' title='bbox 1680 404 1912 467; x_wconf 83' lang='lat' dir='ltr'>a·C.192·</span> 
     </span>
     <span class='ocr_line' id='line_1_4' title="bbox 155 483 1912 563; baseline -0.009 -9"><span class='ocrx_word' id='word_1_19' title='bbox 155 493 364 554; x_wconf 76' lang='lat' dir='ltr'>Iudicia</span> <span class='ocrx_word' id='word_1_20' title='bbox 413 496 472 555; x_wconf 88' lang='lat' dir='ltr'>in</span> <span class='ocrx_word' id='word_1_21' title='bbox 507 494 890 563; x_wconf 82' lang='lat' dir='ltr'>foeneratores</span> <span class='ocrx_word' id='word_1_22' title='bbox 932 510 1012 552; x_wconf 88' lang='lat' dir='ltr'>eo</span> <span class='ocrx_word' id='word_1_23' title='bbox 1051 511 1209 549; x_wconf 85' lang='lat' dir='ltr'>anno</span> <span class='ocrx_word' id='word_1_24' title='bbox 1245 485 1427 547; x_wconf 89' lang='lat' dir='ltr'>multa</span> <span class='ocrx_word' id='word_1_25' title='bbox 1467 483 1667 546; x_wconf 70' lang='lat' dir='ltr'>severe</span> <span class='ocrx_word' id='word_1_26' title='bbox 1695 501 1912 554; x_wconf 79' lang='lat' dir='ltr'>Foenera-</span> 
     </span>
     <span class='ocr_line' id='line_1_5' title="bbox 147 567 1807 654; baseline -0.005 -20"><span class='ocrx_word' id='word_1_27' title='bbox 147 573 269 634; x_wconf 88' lang='lat' dir='ltr'>sunt</span> <span class='ocrx_word' id='word_1_28' title='bbox 310 575 485 650; x_wconf 63' lang='lat' dir='ltr'>facta,</span> <span class='ocrx_word' id='word_1_29' title='bbox 520 574 912 636; x_wconf 82' lang='lat' dir='ltr'>accusantibus</span> <span class='ocrx_word' id='word_1_30' title='bbox 954 573 1212 654; x_wconf 84' lang='lat' dir='ltr'>privatos</span> <span class='ocrx_word' id='word_1_31' title='bbox 1251 567 1518 629; x_wconf 74' lang='lat' dir='ltr'>aedilibus</span> <span class='ocrx_word' id='word_1_32' title='bbox 1561 586 1665 625; x_wconf 90' lang='lat' dir='ltr'>cu·</span> <span class='ocrx_word' id='word_1_33' title='bbox 1680 593 1807 630; x_wconf 65' lang='lat' dir='ltr'>tores</span> 
     </span>
     <span class='ocr_line' id='line_1_6' title="bbox 146 646 1916 732; baseline -0.008 -16"><span class='ocrx_word' id='word_1_34' title='bbox 146 657 395 732; x_wconf 82' lang='lat' dir='ltr'>rulibus,</span> <span class='ocrx_word' id='word_1_35' title='bbox 443 658 535 717; x_wconf 87' lang='lat' dir='ltr'>M.</span> <span class='ocrx_word' id='word_1_36' title='bbox 565 655 794 719; x_wconf 79' lang='lat' dir='ltr'>Tuccio</span> <span class='ocrx_word' id='word_1_37' title='bbox 817 701 836 729; x_wconf 90' lang='lat'>,</span> <span class='ocrx_word' id='word_1_38' title='bbox 886 655 951 714; x_wconf 92' lang='lat'>&amp;</span> <span class='ocrx_word' id='word_1_39' title='bbox 996 651 1061 713; x_wconf 89' lang='lat' dir='ltr'>P.</span> <span class='ocrx_word' id='word_1_40' title='bbox 1103 652 1278 713; x_wconf 87' lang='lat' dir='ltr'>Junio</span> <span class='ocrx_word' id='word_1_41' title='bbox 1320 649 1553 720; x_wconf 80' lang='lat' dir='ltr'>Brut03</span> <span class='ocrx_word' id='word_1_42' title='bbox 1589 648 1666 708; x_wconf 89' lang='lat' dir='ltr'>de</span> <span class='ocrx_word' id='word_1_43' title='bbox 1681 646 1916 706; x_wconf 76' lang='lat' dir='ltr'>damnati·</span> 
     </span>
     <span class='ocr_line' id='line_1_7' title="bbox 144 728 1692 817; baseline -0.005 -20"><span class='ocrx_word' id='word_1_44' title='bbox 144 737 347 798; x_wconf 62' lang='lat' dir='ltr'>mulaa</span> <span class='ocrx_word' id='word_1_45' title='bbox 381 738 788 800; x_wconf 85' lang='lat' dir='ltr'>damnatorum</span> <span class='ocrx_word' id='word_1_46' title='bbox 822 736 1114 817; x_wconf 66' lang='lat' dir='ltr'>quadrigae</span> <span class='ocrx_word' id='word_1_47' title='bbox 1152 736 1427 804; x_wconf 73' lang='lat' dir='ltr'>inauratae</span> <span class='ocrx_word' id='word_1_48' title='bbox 1456 733 1515 789; x_wconf 90' lang='lat' dir='ltr'>in</span> <span class='ocrx_word' id='word_1_49' title='bbox 1546 728 1692 797; x_wconf 30' lang='lat' dir='ltr'>Cat-¹</span> 
     </span>
     <span class='ocr_line' id='line_1_8' title="bbox 148 811 1670 902; baseline -0.004 -23"><span class='ocrx_word' id='word_1_50' title='bbox 148 820 344 899; x_wconf 78' lang='lat' dir='ltr'>pirolio‘</span> <span class='ocrx_word' id='word_1_51' title='bbox 378 820 577 902; x_wconf 83' lang='lat' dir='ltr'>pofitae</span> <span class='ocrx_word' id='word_1_52' title='bbox 623 823 683 879; x_wconf 89' lang='lat' dir='ltr'>in</span> <span class='ocrx_word' id='word_1_53' title='bbox 719 818 865 880; x_wconf 89' lang='lat' dir='ltr'>cella</span> <span class='ocrx_word' id='word_1_54' title='bbox 900 817 1063 878; x_wconf 75' lang='lat' dir='ltr'>Iovis</span> <span class='ocrx_word' id='word_1_55' title='bbox 1107 836 1133 874; x_wconf 75' lang='grc' dir='ltr'>ι</span> <span class='ocrx_word' id='word_1_56' title='bbox 1176 813 1343 894; x_wconf 85' lang='lat' dir='ltr'>supra</span> <span class='ocrx_word' id='word_1_57' title='bbox 1378 811 1670 894; x_wconf 82' lang='lat' dir='ltr'>fastigium</span> 
     </span>
     <span class='ocr_line' id='line_1_9' title="bbox 148 894 1664 979; baseline -0.002 -22"><span class='ocrx_word' id='word_1_58' title='bbox 148 900 389 961; x_wconf 80' lang='lat' dir='ltr'>aediculae</span> <span class='ocrx_word' id='word_1_59' title='bbox 424 946 444 976; x_wconf 91' lang='lat'>‚</span> <span class='ocrx_word' id='word_1_60' title='bbox 488 903 555 963; x_wconf 88' lang='lat'>&amp;</span> <span class='ocrx_word' id='word_1_61' title='bbox 614 901 930 962; x_wconf 87' lang='lat' dir='ltr'>duodecim</span> <span class='ocrx_word' id='word_1_62' title='bbox 990 899 1092 979; x_wconf 84' lang='lat' dir='ltr'>ely</span> <span class='ocrx_word' id='word_1_63' title='bbox 1139 916 1209 957; x_wconf 88' lang='lat' dir='ltr'>ea</span> <span class='ocrx_word' id='word_1_64' title='bbox 1244 899 1500 956; x_wconf 81' lang='lat' dir='ltr'>inaurata</span> <span class='ocrx_word' id='word_1_65' title='bbox 1538 911 1555 953; x_wconf 75' lang='lat' dir='ltr'>t</span> <span class='ocrx_word' id='word_1_66' title='bbox 1594 894 1664 954; x_wconf 71' lang='grc' dir='ltr'>ὃ(</span> 
     </span>
     <span class='ocr_line' id='line_1_10' title="bbox 146 976 1671 1064; baseline -0.003 -25"><span class='ocrx_word' id='word_1_67' title='bbox 146 981 312 1042; x_wconf 89' lang='lat' dir='ltr'>iidem</span> <span class='ocrx_word' id='word_1_68' title='bbox 336 987 624 1064; x_wconf 82' lang='lat' dir='ltr'>porticum</span> <span class='ocrx_word' id='word_1_69' title='bbox 648 999 810 1044; x_wconf 81' lang='lat' dir='ltr'>extra</span> <span class='ocrx_word' id='word_1_70' title='bbox 834 996 1069 1064; x_wconf 81' lang='lat' dir='ltr'>portam</span> <span class='ocrx_word' id='word_1_71' title='bbox 1150 978 1492 1060; x_wconf 83' lang='lat' dir='ltr'>rigeminam</span> <span class='ocrx_word' id='word_1_72' title='bbox 1519 995 1553 1034; x_wconf 87' lang='lat'><em>2</em></span> <span class='ocrx_word' id='word_1_73' title='bbox 1575 976 1671 1035; x_wconf 87' lang='lat' dir='ltr'>in-</span> 
     </span>
     <span class='ocr_line' id='line_1_11' title="bbox 147 1063 1354 1144; baseline 0.005 -23"><span class='ocrx_word' id='word_1_74' title='bbox 147 1077 230 1122; x_wconf 87' lang='lat' dir='ltr'>ter</span> <span class='ocrx_word' id='word_1_75' title='bbox 261 1064 529 1144; x_wconf 80' lang='lat' dir='ltr'>lignarios</span> <span class='ocrx_word' id='word_1_76' title='bbox 566 1063 854 1126; x_wconf 81' lang='lat' dir='ltr'>fecerunt.</span> <span class='ocrx_word' id='word_1_77' title='bbox 1349 1098 1354 1104; x_wconf 93' lang='lat'><em>·</em></span> 
     </span>
     <span class='ocr_line' id='line_1_12' title="bbox 218 1135 1676 1224; baseline -0.004 -21"><span class='ocrx_word' id='word_1_78' title='bbox 218 1143 395 1207; x_wconf 87' lang='lat' dir='ltr'><strong>XLII.</strong></span> <span class='ocrx_word' id='word_1_79' title='bbox 434 1145 682 1208; x_wconf 72' lang='lat' dir='ltr'>latentis</span> <span class='ocrx_word' id='word_1_80' title='bbox 709 1148 769 1205; x_wconf 87' lang='lat' dir='ltr'>in</span> <span class='ocrx_word' id='word_1_81' title='bbox 799 1159 1152 1224; x_wconf 27' lang='lat' dir='ltr'>apparatum«</span> <span class='ocrx_word' id='word_1_82' title='bbox 1177 1140 1323 1201; x_wconf 83' lang='lat' dir='ltr'>novi</span> <span class='ocrx_word' id='word_1_83' title='bbox 1363 1138 1504 1201; x_wconf 87' lang='lat' dir='ltr'>belli</span> <span class='ocrx_word' id='word_1_84' title='bbox 1536 1135 1676 1198; x_wconf 82' lang='lat' dir='ltr'>Ro·</span> 
     </span>
    </p>

    <p class='ocr_par' dir='ltr' id='par_1_3' title="bbox 143 1218 1919 2292">
     <span class='ocr_line' id='line_1_13' title="bbox 148 1218 1672 1306; baseline -0.002 -24"><span class='ocrx_word' id='word_1_85' title='bbox 148 1229 322 1287; x_wconf 81' lang='lat' dir='ltr'>manis</span> <span class='ocrx_word' id='word_1_86' title='bbox 341 1271 360 1300; x_wconf 87' lang='lat'>‚</span> <span class='ocrx_word' id='word_1_87' title='bbox 392 1249 466 1289; x_wconf 87' lang='lat' dir='ltr'>ne</span> <span class='ocrx_word' id='word_1_88' title='bbox 487 1231 564 1289; x_wconf 81' lang='lat' dir='ltr'>ab</span> <span class='ocrx_word' id='word_1_89' title='bbox 586 1228 890 1291; x_wconf 85' lang='lat' dir='ltr'>Antiocho</span> <span class='ocrx_word' id='word_1_90' title='bbox 904 1225 1142 1306; x_wconf 87' lang='lat' dir='ltr'>quidem</span> <span class='ocrx_word' id='word_1_91' title='bbox 1161 1221 1496 1284; x_wconf 76' lang='lat' dir='ltr'>ceffabatur.</span> <span class='ocrx_word' id='word_1_92' title='bbox 1512 1218 1672 1281; x_wconf 74' lang='lat' dir='ltr'>Tres</span> 
     </span>
     <span class='ocr_line' id='line_1_14' title="bbox 147 1302 1676 1391; baseline -0.002 -27"><span class='ocrx_word' id='word_1_93' title='bbox 147 1323 274 1366; x_wconf 90' lang='lat' dir='ltr'>eum</span> <span class='ocrx_word' id='word_1_94' title='bbox 301 1312 560 1373; x_wconf 84' lang='lat' dir='ltr'>civitates</span> <span class='ocrx_word' id='word_1_95' title='bbox 598 1310 879 1371; x_wconf 86' lang='lat' dir='ltr'>tenebant</span> <span class='ocrx_word' id='word_1_96' title='bbox 904 1352 923 1382; x_wconf 83' lang='lat'>‚</span> <span class='ocrx_word' id='word_1_97' title='bbox 967 1306 1263 1391; x_wconf 80' lang='lat' dir='ltr'><strong>Smyrna,</strong></span> <span class='ocrx_word' id='word_1_98' title='bbox 1308 1305 1380 1370; x_wconf 64' lang='grc' dir='ltr'>ὃς</span> <span class='ocrx_word' id='word_1_99' title='bbox 1403 1302 1676 1364; x_wconf 81' lang='lat' dir='ltr'>Alexan-</span> 
     </span>
     <span class='ocr_line' id='line_1_15' title="bbox 147 1384 1672 1471; baseline -0.005 -22"><span class='ocrx_word' id='word_1_100' title='bbox 147 1384 261 1448; x_wconf 83' lang='lat' dir='ltr'>dria</span> <span class='ocrx_word' id='word_1_101' title='bbox 291 1389 480 1452; x_wconf 86' lang='lat' dir='ltr'>Troas</span> <span class='ocrx_word' id='word_1_102' title='bbox 498 1437 522 1465; x_wconf 89' lang='lat'>,</span> <span class='ocrx_word' id='word_1_103' title='bbox 568 1392 636 1453; x_wconf 74' lang='grc' dir='ltr'>δι</span> <span class='ocrx_word' id='word_1_104' title='bbox 679 1388 1024 1471; x_wconf 84' lang='lat' dir='ltr'>Lampsacus</span> <span class='ocrx_word' id='word_1_105' title='bbox 1047 1433 1068 1459; x_wconf 86' lang='lat'>,</span> <span class='ocrx_word' id='word_1_106' title='bbox 1093 1408 1235 1469; x_wconf 86' lang='lat' dir='ltr'>quas</span> <span class='ocrx_word' id='word_1_107' title='bbox 1267 1405 1460 1467; x_wconf 87' lang='lat' dir='ltr'>neque</span> <span class='ocrx_word' id='word_1_108' title='bbox 1485 1388 1548 1446; x_wconf 83' lang='lat' dir='ltr'>vi</span> <span class='ocrx_word' id='word_1_109' title='bbox 1573 1402 1672 1444; x_wconf 85' lang='lat' dir='ltr'>ex·</span> 
     </span>
     <span class='ocr_line' id='line_1_16' title="bbox 145 1462 1668 1551; baseline -0.003 -23"><span class='ocrx_word' id='word_1_110' title='bbox 145 1487 393 1551; x_wconf 78' lang='lat' dir='ltr'>pugnare</span> <span class='ocrx_word' id='word_1_111' title='bbox 427 1475 529 1533; x_wconf 86' lang='lat' dir='ltr'>ad·</span> <span class='ocrx_word' id='word_1_112' title='bbox 706 1472 863 1532; x_wconf 86' lang='lat' dir='ltr'>diem</span> <span class='ocrx_word' id='word_1_113' title='bbox 907 1489 935 1550; x_wconf 86' lang='lat'>3</span> <span class='ocrx_word' id='word_1_114' title='bbox 979 1485 1254 1550; x_wconf 83' lang='lat' dir='ltr'>poterat,</span> <span class='ocrx_word' id='word_1_115' title='bbox 1287 1462 1478 1548; x_wconf 83' lang='lat' dir='ltr'>neq&#39;ue</span> <span class='ocrx_word' id='word_1_116' title='bbox 1514 1485 1668 1525; x_wconf 86' lang='lat' dir='ltr'>con·</span> 
     </span>
     <span class='ocr_line' id='line_1_17' title="bbox 146 1547 1672 1634; baseline -0.002 -27"><span class='ocrx_word' id='word_1_117' title='bbox 146 1547 440 1614; x_wconf 83' lang='lat' dir='ltr'>ditionibus</span> <span class='ocrx_word' id='word_1_118' title='bbox 477 1557 536 1614; x_wconf 81' lang='lat' dir='ltr'>in</span> <span class='ocrx_word' id='word_1_119' title='bbox 718 1556 878 1614; x_wconf 83' lang='lat' dir='ltr'>itiam</span> <span class='ocrx_word' id='word_1_120' title='bbox 910 1552 1193 1634; x_wconf 80' lang='lat' dir='ltr'>perlicere</span> <span class='ocrx_word' id='word_1_121' title='bbox 1218 1592 1236 1621; x_wconf 91' lang='lat'><strong>‚</strong></span> <span class='ocrx_word' id='word_1_122' title='bbox 1267 1567 1458 1627; x_wconf 88' lang='lat' dir='ltr'>neque</span> <span class='ocrx_word' id='word_1_123' title='bbox 1495 1566 1528 1606; x_wconf 88' lang='lat' dir='ltr'>a</span> <span class='ocrx_word' id='word_1_124' title='bbox 1549 1563 1672 1605; x_wconf 84' lang='lat' dir='ltr'>ter-</span> 
     </span>
     <span class='ocr_line' id='line_1_18' title="bbox 147 1628 1906 1716; baseline -0.005 -26"><span class='ocrx_word' id='word_1_125' title='bbox 147 1648 220 1710; x_wconf 85' lang='lat' dir='ltr'>go</span> <span class='ocrx_word' id='word_1_126' title='bbox 254 1636 578 1716; x_wconf 86' lang='lat' dir='ltr'>relinquere</span> <span class='ocrx_word' id='word_1_127' title='bbox 614 1632 905 1714; x_wconf 80' lang='lat' dir='ltr'>trajiciens</span> <span class='ocrx_word' id='word_1_128' title='bbox 939 1632 1057 1714; x_wconf 84' lang='lat' dir='ltr'>ipse</span> <span class='ocrx_word' id='word_1_129' title='bbox 1106 1633 1167 1691; x_wconf 87' lang='lat' dir='ltr'>in</span> <span class='ocrx_word' id='word_1_130' title='bbox 1212 1628 1511 1709; x_wconf 87' lang='lat' dir='ltr'>Europam</span> <span class='ocrx_word' id='word_1_131' title='bbox 1549 1647 1675 1687; x_wconf 80' lang='lat' dir='ltr'>vo·</span> <span class='ocrx_word' id='word_1_132' title='bbox 1901 1670 1906 1681; x_wconf 85' lang='lat'><strong>.</strong></span> 
     </span>
     <span class='ocr_line' id='line_1_19' title="bbox 143 1708 1915 1778; baseline -0.006 -9"><span class='ocrx_word' id='word_1_133' title='bbox 143 1711 306 1778; x_wconf 78' lang='lat' dir='ltr'>lebat.</span> <span class='ocrx_word' id='word_1_134' title='bbox 338 1715 562 1778; x_wconf 85' lang='lat' dir='ltr'>Tenuit</span> <span class='ocrx_word' id='word_1_135' title='bbox 596 1736 734 1778; x_wconf 89' lang='lat' dir='ltr'>eum</span> <span class='ocrx_word' id='word_1_136' title='bbox 768 1716 834 1776; x_wconf 89' lang='lat'>&amp;</span> <span class='ocrx_word' id='word_1_137' title='bbox 867 1715 941 1778; x_wconf 86' lang='lat' dir='ltr'>de</span> <span class='ocrx_word' id='word_1_138' title='bbox 967 1710 1262 1775; x_wconf 70' lang='lat' dir='ltr'>Annibale</span> <span class='ocrx_word' id='word_1_139' title='bbox 1303 1709 1669 1772; x_wconf 84' lang='lat' dir='ltr'>deliberatio.</span> <span class='ocrx_word' id='word_1_140' title='bbox 1687 1708 1915 1763; x_wconf 72' lang='lat' dir='ltr'>Antiochi</span> 
     </span>
     <span class='ocr_line' id='line_1_20' title="bbox 146 1785 1918 1879; baseline -0.006 -21"><span class='ocrx_word' id='word_1_141' title='bbox 146 1790 215 1853; x_wconf 89' lang='lat' dir='ltr'>Et</span> <span class='ocrx_word' id='word_1_142' title='bbox 246 1798 431 1877; x_wconf 75' lang='lat' dir='ltr'>primo</span> <span class='ocrx_word' id='word_1_143' title='bbox 471 1818 656 1860; x_wconf 84' lang='lat' dir='ltr'>naves</span> <span class='ocrx_word' id='word_1_144' title='bbox 690 1815 907 1879; x_wconf 84' lang='lat' dir='ltr'>apertae</span> <span class='ocrx_word' id='word_1_145' title='bbox 931 1842 949 1870; x_wconf 87' lang='lat'>‚</span> <span class='ocrx_word' id='word_1_146' title='bbox 985 1815 1126 1877; x_wconf 84' lang='lat' dir='ltr'>quas</span> <span class='ocrx_word' id='word_1_147' title='bbox 1176 1813 1309 1854; x_wconf 87' lang='lat' dir='ltr'>cum</span> <span class='ocrx_word' id='word_1_148' title='bbox 1352 1811 1428 1853; x_wconf 92' lang='lat' dir='ltr'>eo</span> <span class='ocrx_word' id='word_1_149' title='bbox 1469 1787 1668 1851; x_wconf 79' lang='lat' dir='ltr'>miffu·</span> <span class='ocrx_word' id='word_1_150' title='bbox 1682 1789 1738 1836; x_wconf 71' lang='lat' dir='ltr'>de</span> <span class='ocrx_word' id='word_1_151' title='bbox 1758 1785 1918 1835; x_wconf 80' lang='lat' dir='ltr'>Anni-</span> 
     </span>
     <span class='ocr_line' id='line_1_21' title="bbox 147 1859 1919 1954; baseline 0 -22"><span class='ocrx_word' id='word_1_152' title='bbox 147 1893 230 1935; x_wconf 85' lang='lat' dir='ltr'>rus</span> <span class='ocrx_word' id='word_1_153' title='bbox 276 1880 335 1940; x_wconf 85' lang='lat' dir='ltr'>in</span> <span class='ocrx_word' id='word_1_154' title='bbox 385 1879 649 1944; x_wconf 86' lang='lat' dir='ltr'>Africam</span> <span class='ocrx_word' id='word_1_155' title='bbox 686 1879 875 1942; x_wconf 82' lang='lat' dir='ltr'>fuerat</span> <span class='ocrx_word' id='word_1_156' title='bbox 897 1924 915 1954; x_wconf 86' lang='lat'>‚</span> <span class='ocrx_word' id='word_1_157' title='bbox 953 1894 1196 1940; x_wconf 85' lang='lat' dir='ltr'>moratae</span> <span class='ocrx_word' id='word_1_158' title='bbox 1230 1874 1357 1933; x_wconf 88' lang='lat' dir='ltr'>sunt</span> <span class='ocrx_word' id='word_1_159' title='bbox 1391 1894 1405 1932; x_wconf 70' lang='grc' dir='ltr'><strong><em>ε</em></strong></span> <span class='ocrx_word' id='word_1_160' title='bbox 1455 1859 1789 1948; x_wconf 58' lang='lat' dir='ltr'>deindebffle</span> <span class='ocrx_word' id='word_1_161' title='bbox 1837 1860 1919 1945; x_wconf 65' lang='lat' dir='ltr'>df*</span> 
     </span>
     <span class='ocr_line' id='line_1_22' title="bbox 145 1935 1910 2032; baseline -0.002 -13"><span class='ocrx_word' id='word_1_162' title='bbox 145 1976 211 2018; x_wconf 81' lang='lat' dir='ltr'>an</span> <span class='ocrx_word' id='word_1_163' title='bbox 253 1966 496 2025; x_wconf 84' lang='lat' dir='ltr'>omnino</span> <span class='ocrx_word' id='word_1_164' title='bbox 539 1963 858 2024; x_wconf 85' lang='lat' dir='ltr'>mittendus</span> <span class='ocrx_word' id='word_1_165' title='bbox 899 1959 1077 2032; x_wconf 85' lang='lat' dir='ltr'>esset,</span> <span class='ocrx_word' id='word_1_166' title='bbox 1122 1956 1465 2019; x_wconf 85' lang='lat' dir='ltr'>consultatio</span> <span class='ocrx_word' id='word_1_167' title='bbox 1508 1935 1910 2016; x_wconf 62' lang='lat' dir='ltr'>motahb‘mm</span> 
     </span>
     <span class='ocr_line' id='line_1_23' title="bbox 147 2036 1674 2122; baseline -0.005 -16"><span class='ocrx_word' id='word_1_168' title='bbox 147 2038 252 2114; x_wconf 79' lang='lat' dir='ltr'>est,</span> <span class='ocrx_word' id='word_1_169' title='bbox 289 2047 540 2107; x_wconf 68' lang='lat' dir='ltr'>maxime</span> <span class='ocrx_word' id='word_1_170' title='bbox 564 2066 600 2105; x_wconf 91' lang='lat' dir='ltr'>a</span> <span class='ocrx_word' id='word_1_171' title='bbox 622 2042 900 2105; x_wconf 74' lang='lat' dir='ltr'>Thoante</span> <span class='ocrx_word' id='word_1_172' title='bbox 922 2043 1128 2102; x_wconf 85' lang='lat' dir='ltr'>AEtolo</span> <span class='ocrx_word' id='word_1_173' title='bbox 1147 2085 1166 2111; x_wconf 90' lang='lat'><strong>‚</strong></span> <span class='ocrx_word' id='word_1_174' title='bbox 1193 2041 1290 2122; x_wconf 89' lang='lat' dir='ltr'>qui</span> <span class='ocrx_word' id='word_1_175' title='bbox 1316 2036 1587 2099; x_wconf 83' lang='lat' dir='ltr'>omnibus</span> <span class='ocrx_word' id='word_1_176' title='bbox 1612 2040 1674 2098; x_wconf 88' lang='lat' dir='ltr'>in</span> 
     </span>
     <span class='ocr_line' id='line_1_24' title="bbox 148 2118 1677 2206; baseline -0.001 -25"><span class='ocrx_word' id='word_1_177' title='bbox 148 2118 359 2185; x_wconf 82' lang='lat' dir='ltr'>Graecia</span> <span class='ocrx_word' id='word_1_178' title='bbox 396 2127 651 2190; x_wconf 85' lang='lat' dir='ltr'>tumultu</span> <span class='ocrx_word' id='word_1_179' title='bbox 694 2125 1006 2206; x_wconf 83' lang='lat' dir='ltr'>completis</span> <span class='ocrx_word' id='word_1_180' title='bbox 1029 2169 1047 2196; x_wconf 90' lang='lat'>‚</span> <span class='ocrx_word' id='word_1_181' title='bbox 1094 2119 1544 2183; x_wconf 85' lang='lat' dir='ltr'>Demetriadem</span> <span class='ocrx_word' id='word_1_182' title='bbox 1583 2118 1677 2181; x_wconf 86' lang='lat' dir='ltr'>af-</span> 
     </span>
     <span class='ocr_line' id='line_1_25' title="bbox 144 2199 1677 2292; baseline -0.001 -25"><span class='ocrx_word' id='word_1_183' title='bbox 144 2199 434 2271; x_wconf 82' lang='lat' dir='ltr'>ferebatin</span> <span class='ocrx_word' id='word_1_184' title='bbox 477 2206 769 2292; x_wconf 85' lang='lat' dir='ltr'>potestate</span> <span class='ocrx_word' id='word_1_185' title='bbox 814 2205 930 2268; x_wconf 81' lang='lat' dir='ltr'>ess&#39;e</span> <span class='ocrx_word' id='word_1_186' title='bbox 967 2229 981 2268; x_wconf 71' lang='grc' dir='ltr'><strong>ε</strong></span> <span class='ocrx_word' id='word_1_187' title='bbox 1023 2205 1089 2267; x_wconf 77' lang='grc' dir='ltr'>δι</span> <span class='ocrx_word' id='word_1_188' title='bbox 1120 2205 1326 2286; x_wconf 84' lang='lat' dir='ltr'>quibus</span> <span class='ocrx_word' id='word_1_189' title='bbox 1358 2201 1677 2266; x_wconf 81' lang='lat' dir='ltr'>mendaciis</span> 
     </span>
    </p>

    <p class='ocr_par' dir='ltr' id='par_1_4' title="bbox 60 2282 1750 2699">
     <span class='ocr_line' id='line_1_26' title="bbox 60 2282 1674 2374; baseline -0.002 -24"><span class='ocrx_word' id='word_1_190' title='bbox 60 2327 111 2374; x_wconf 57' lang='lat'><em>4</em></span> <span class='ocrx_word' id='word_1_191' title='bbox 148 2282 214 2344; x_wconf 77' lang='lat' dir='ltr'>de</span> <span class='ocrx_word' id='word_1_192' title='bbox 265 2308 397 2371; x_wconf 86' lang='lat' dir='ltr'>rege</span> <span class='ocrx_word' id='word_1_193' title='bbox 433 2336 454 2366; x_wconf 88' lang='lat'>‚</span> <span class='ocrx_word' id='word_1_194' title='bbox 515 2289 965 2372; x_wconf 87' lang='lat' dir='ltr'>multiplicando</span> <span class='ocrx_word' id='word_1_195' title='bbox 1010 2288 1209 2349; x_wconf 76' lang='lat' dir='ltr'>verbis</span> <span class='ocrx_word' id='word_1_196' title='bbox 1257 2288 1457 2369; x_wconf 86' lang='lat' dir='ltr'>copias</span> <span class='ocrx_word' id='word_1_197' title='bbox 1499 2284 1624 2364; x_wconf 79' lang='lat' dir='ltr'>ejus</span> <span class='ocrx_word' id='word_1_198' title='bbox 1652 2333 1674 2361; x_wconf 88' lang='lat'><strong>,</strong></span> 
     </span>
     <span class='ocr_line' id='line_1_27' title="bbox 148 2367 1676 2442; baseline 0.001 -15"><span class='ocrx_word' id='word_1_199' title='bbox 148 2383 393 2431; x_wconf 80' lang='lat' dir='ltr'>erexerat</span> <span class='ocrx_word' id='word_1_200' title='bbox 426 2373 748 2434; x_wconf 88' lang='lat' dir='ltr'>multorum</span> <span class='ocrx_word' id='word_1_201' title='bbox 791 2374 850 2431; x_wconf 89' lang='lat' dir='ltr'>in</span> <span class='ocrx_word' id='word_1_202' title='bbox 888 2368 1121 2431; x_wconf 86' lang='lat' dir='ltr'>Graecia</span> <span class='ocrx_word' id='word_1_203' title='bbox 1156 2371 1381 2430; x_wconf 79' lang='lat' dir='ltr'>animos</span> <span class='ocrx_word' id='word_1_204' title='bbox 1402 2415 1428 2442; x_wconf 88' lang='lat'>‚</span> <span class='ocrx_word' id='word_1_205' title='bbox 1467 2367 1676 2430; x_wconf 88' lang='lat' dir='ltr'>iisdem</span> 
     </span>
     <span class='ocr_line' id='line_1_28' title="bbox 153 2446 1750 2537; baseline -0.002 -25"><span class='ocrx_word' id='word_1_206' title='bbox 153 2446 212 2506; x_wconf 86' lang='lat'>&amp;</span> <span class='ocrx_word' id='word_1_207' title='bbox 244 2455 393 2534; x_wconf 86' lang='lat' dir='ltr'>regis</span> <span class='ocrx_word' id='word_1_208' title='bbox 428 2453 599 2537; x_wconf 88' lang='lat' dir='ltr'>spem</span> <span class='ocrx_word' id='word_1_209' title='bbox 620 2454 860 2522; x_wconf 80' lang='lat' dir='ltr'>inflabat</span> <span class='ocrx_word' id='word_1_210' title='bbox 902 2474 916 2511; x_wconf 90' lang='lat'>:</span> <span class='ocrx_word' id='word_1_211' title='bbox 961 2453 1222 2514; x_wconf 82' lang='lat' dir='ltr'>Omnium</span> <span class='ocrx_word' id='word_1_212' title='bbox 1242 2454 1389 2513; x_wconf 75' lang='lat' dir='ltr'>votis</span> <span class='ocrx_word' id='word_1_213' title='bbox 1428 2472 1549 2511; x_wconf 84' lang='lat' dir='ltr'>eum</span> <span class='ocrx_word' id='word_1_214' title='bbox 1592 2471 1680 2510; x_wconf 80' lang='lat' dir='ltr'>ar·</span> <span class='ocrx_word' id='word_1_215' title='bbox 1747 2463 1750 2466; x_wconf 73' lang='grc'><strong>’</strong></span> 
     </span>
     <span class='ocr_line' id='line_1_29' title="bbox 149 2530 1677 2616; baseline -0.001 -23"><span class='ocrx_word' id='word_1_216' title='bbox 149 2530 257 2606; x_wconf 78' lang='lat' dir='ltr'>ceffi</span> <span class='ocrx_word' id='word_1_217' title='bbox 271 2555 297 2604; x_wconf 75' lang='lat'>,⁵</span> <span class='ocrx_word' id='word_1_218' title='bbox 321 2537 634 2616; x_wconf 78' lang='lat' dir='ltr'>concursum</span> <span class='ocrx_word' id='word_1_219' title='bbox 669 2538 749 2595; x_wconf 82' lang='lat' dir='ltr'>ad</span> <span class='ocrx_word' id='word_1_220' title='bbox 781 2536 973 2596; x_wconf 69' lang='lat' dir='ltr'>littora</span> <span class='ocrx_word' id='word_1_221' title='bbox 1004 2532 1257 2611; x_wconf 71' lang='lat' dir='ltr'>ficturum</span> <span class='ocrx_word' id='word_1_222' title='bbox 1281 2577 1300 2607; x_wconf 86' lang='lat'>‚</span> <span class='ocrx_word' id='word_1_223' title='bbox 1344 2535 1487 2593; x_wconf 77' lang='lat' dir='ltr'>un&#39;de</span> <span class='ocrx_word' id='word_1_224' title='bbox 1522 2532 1677 2611; x_wconf 65' lang='lat' dir='ltr'>clas·</span> 
     </span>
     <span class='ocr_line' id='line_1_30' title="bbox 136 2609 1677 2699; baseline -0.001 -25"><span class='ocrx_word' id='word_1_225' title='bbox 136 2609 240 2687; x_wconf 73' lang='lat' dir='ltr'>sem</span> <span class='ocrx_word' id='word_1_226' title='bbox 261 2619 454 2696; x_wconf 80' lang='lat' dir='ltr'>regiam</span> <span class='ocrx_word' id='word_1_227' title='bbox 489 2614 905 2699; x_wconf 74' lang='lat' dir='ltr'>prospexiffint.</span> <span class='ocrx_word' id='word_1_228' title='bbox 929 2615 1045 2674; x_wconf 90' lang='lat' dir='ltr'>Hic</span> <span class='ocrx_word' id='word_1_229' title='bbox 1069 2614 1232 2675; x_wconf 69' lang='lat' dir='ltr'>idem</span> <span class='ocrx_word' id='word_1_230' title='bbox 1259 2612 1421 2674; x_wconf 87' lang='lat' dir='ltr'>ausus</span> <span class='ocrx_word' id='word_1_231' title='bbox 1456 2613 1529 2675; x_wconf 86' lang='lat' dir='ltr'>de</span> <span class='ocrx_word' id='word_1_232' title='bbox 1554 2614 1677 2674; x_wconf 87' lang='lat' dir='ltr'>An-</span> 
     </span>
    </p>

    <p class='ocr_par' dir='ltr' id='par_1_5' title="bbox 14 2692 1677 2777">
     <span class='ocr_line' id='line_1_31' title="bbox 14 2692 1677 2777; baseline 0.004 -28"><span class='ocrx_word' id='word_1_233' title='bbox 14 2697 31 2714; x_wconf 86' lang='lat'><strong><em>‘</em></strong></span> <span class='ocrx_word' id='word_1_234' title='bbox 147 2692 324 2756; x_wconf 86' lang='lat' dir='ltr'>nibale</span> <span class='ocrx_word' id='word_1_235' title='bbox 363 2696 444 2758; x_wconf 88' lang='lat' dir='ltr'>est</span> <span class='ocrx_word' id='word_1_236' title='bbox 476 2711 725 2760; x_wconf 84' lang='lat' dir='ltr'>movere</span> <span class='ocrx_word' id='word_1_237' title='bbox 761 2696 1104 2758; x_wconf 86' lang='lat' dir='ltr'>sententiam</span> <span class='ocrx_word' id='word_1_238' title='bbox 1154 2714 1342 2777; x_wconf 88' lang='lat' dir='ltr'>prope</span> <span class='ocrx_word' id='word_1_239' title='bbox 1385 2692 1504 2776; x_wconf 80' lang='lat' dir='ltr'>jam</span> <span class='ocrx_word' id='word_1_240' title='bbox 1546 2716 1677 2756; x_wconf 88' lang='lat' dir='ltr'>cer-</span> 
     </span>
    </p>
   </div>
   <div class='ocr_carea' id='block_1_3' title="bbox 150 2836 1704 3408">
    <p class='ocr_par' dir='ltr' id='par_1_6' title="bbox 150 2836 1704 3198">
     <span class='ocr_line' id='line_1_32' title="bbox 224 2836 1672 2909; baseline 0.003 -23"><span class='ocrx_word' id='word_1_241' title='bbox 224 2851 242 2886; x_wconf 83' lang='lat'><em>1</em></span> <span class='ocrx_word' id='word_1_242' title='bbox 268 2837 420 2906; x_wconf 82' lang='lat' dir='ltr'>Supra</span> <span class='ocrx_word' id='word_1_243' title='bbox 435 2838 676 2909; x_wconf 50' lang='lat' dir='ltr'>fastigium</span> <span class='ocrx_word' id='word_1_244' title='bbox 693 2839 866 2892; x_wconf 79' lang='lat' dir='ltr'>aedieu-</span> <span class='ocrx_word' id='word_1_245' title='bbox 942 2838 1052 2889; x_wconf 60' lang='lat' dir='ltr'>dieti</span> <span class='ocrx_word' id='word_1_246' title='bbox 1075 2856 1101 2887; x_wconf 85' lang='lat' dir='ltr'>a</span> <span class='ocrx_word' id='word_1_247' title='bbox 1127 2838 1341 2906; x_wconf 82' lang='lat' dir='ltr'>lignariis</span> <span class='ocrx_word' id='word_1_248' title='bbox 1373 2836 1626 2904; x_wconf 81' lang='lat' dir='ltr'>opificibus</span> <span class='ocrx_word' id='word_1_249' title='bbox 1655 2854 1672 2890; x_wconf 72' lang='grc' dir='ltr'><em>ε</em></span> 
     </span>
     <span class='ocr_line' id='line_1_33' title="bbox 154 2907 1676 2980; baseline 0.001 -21"><span class='ocrx_word' id='word_1_250' title='bbox 154 2907 223 2959; x_wconf 86' lang='lat' dir='ltr'>lae.</span> <span class='ocrx_word' id='word_1_251' title='bbox 244 2910 264 2976; x_wconf 93' lang='grc'><strong>]</strong></span> <span class='ocrx_word' id='word_1_252' title='bbox 292 2912 527 2963; x_wconf 81' lang='lat' dir='ltr'>AEdicula</span> <span class='ocrx_word' id='word_1_253' title='bbox 562 2914 643 2965; x_wconf 73' lang='lat' dir='ltr'>hic</span> <span class='ocrx_word' id='word_1_254' title='bbox 682 2914 867 2965; x_wconf 87' lang='lat' dir='ltr'>intelli·</span> <span class='ocrx_word' id='word_1_255' title='bbox 942 2912 1007 2961; x_wconf 83' lang='lat' dir='ltr'>ita</span> <span class='ocrx_word' id='word_1_256' title='bbox 1029 2924 1083 2961; x_wconf 89' lang='lat' dir='ltr'>ut</span> <span class='ocrx_word' id='word_1_257' title='bbox 1108 2912 1235 2962; x_wconf 79' lang='lat' dir='ltr'>inter</span> <span class='ocrx_word' id='word_1_258' title='bbox 1253 2911 1481 2980; x_wconf 77' lang='lat' dir='ltr'>lignarios</span> <span class='ocrx_word' id='word_1_259' title='bbox 1503 2910 1676 2961; x_wconf 69' lang='lat' dir='ltr'>eadem</span> 
     </span>
     <span class='ocr_line' id='line_1_34' title="bbox 152 2983 1681 3054; baseline 0.001 -23"><span class='ocrx_word' id='word_1_260' title='bbox 152 2986 294 3047; x_wconf 84' lang='lat' dir='ltr'>genda</span> <span class='ocrx_word' id='word_1_261' title='bbox 323 2987 521 3037; x_wconf 81' lang='lat' dir='ltr'>videtur</span> <span class='ocrx_word' id='word_1_262' title='bbox 563 2988 749 3054; x_wconf 84' lang='lat' dir='ltr'>capsula</span> <span class='ocrx_word' id='word_1_263' title='bbox 785 2985 866 3036; x_wconf 87' lang='lat' dir='ltr'>ali·</span> <span class='ocrx_word' id='word_1_264' title='bbox 941 2983 1099 3035; x_wconf 62' lang='lat' dir='ltr'>forma</span> <span class='ocrx_word' id='word_1_265' title='bbox 1130 2986 1316 3036; x_wconf 87' lang='lat' dir='ltr'>dicatur</span> <span class='ocrx_word' id='word_1_266' title='bbox 1340 3019 1356 3043; x_wconf 91' lang='lat'>,</span> <span class='ocrx_word' id='word_1_267' title='bbox 1392 2984 1484 3051; x_wconf 65' lang='lat' dir='ltr'>quii</span> <span class='ocrx_word' id='word_1_268' title='bbox 1507 3017 1522 3042; x_wconf 89' lang='lat'>‚</span> <span class='ocrx_word' id='word_1_269' title='bbox 1546 2983 1584 3033; x_wconf 88' lang='lat' dir='ltr'>l.</span> <span class='ocrx_word' id='word_1_270' title='bbox 1610 2984 1630 3032; x_wconf 94' lang='lat'>1</span> <span class='ocrx_word' id='word_1_271' title='bbox 1655 3015 1681 3041; x_wconf 65' lang='lat'>,</span> 
     </span>
     <span class='ocr_line' id='line_1_35' title="bbox 152 3059 1551 3129; baseline -0.007 -15"><span class='ocrx_word' id='word_1_272' title='bbox 152 3071 235 3119; x_wconf 69' lang='lat' dir='ltr'>qua</span> <span class='ocrx_word' id='word_1_273' title='bbox 255 3091 269 3113; x_wconf 56' lang='grc' dir='ltr'><strong><em>ν</em></strong></span> <span class='ocrx_word' id='word_1_274' title='bbox 306 3075 413 3126; x_wconf 86' lang='lat' dir='ltr'>quae</span> <span class='ocrx_word' id='word_1_275' title='bbox 452 3061 647 3112; x_wconf 82' lang='lat' dir='ltr'>fortaffe</span> <span class='ocrx_word' id='word_1_276' title='bbox 686 3060 866 3129; x_wconf 81' lang='lat' dir='ltr'>fignum</span> <span class='ocrx_word' id='word_1_277' title='bbox 942 3076 989 3110; x_wconf 93' lang='lat' dir='ltr'>c.</span> <span class='ocrx_word' id='word_1_278' title='bbox 1014 3059 1043 3108; x_wconf 89' lang='lat'>8</span> <span class='ocrx_word' id='word_1_279' title='bbox 1064 3093 1083 3115; x_wconf 89' lang='lat'>,</span> <span class='ocrx_word' id='word_1_280' title='bbox 1108 3059 1234 3110; x_wconf 80' lang='lat' dir='ltr'>inter</span> <span class='ocrx_word' id='word_1_281' title='bbox 1254 3061 1371 3109; x_wconf 77' lang='lat' dir='ltr'>duos</span> <span class='ocrx_word' id='word_1_282' title='bbox 1401 3059 1551 3106; x_wconf 80' lang='lat' dir='ltr'>lucos.</span> 
     </span>
     <span class='ocr_line' id='line_1_36' title="bbox 150 3124 1704 3198; baseline 0.001 -20"><span class='ocrx_word' id='word_1_283' title='bbox 150 3124 278 3180; x_wconf 78' lang='lat' dir='ltr'>Jovis</span> <span class='ocrx_word' id='word_1_284' title='bbox 299 3147 382 3183; x_wconf 89' lang='lat' dir='ltr'>aut</span> <span class='ocrx_word' id='word_1_285' title='bbox 414 3133 542 3183; x_wconf 85' lang='lat' dir='ltr'>sacra</span> <span class='ocrx_word' id='word_1_286' title='bbox 572 3136 866 3185; x_wconf 77' lang='lat' dir='ltr'>includeret.</span> <span class='ocrx_word' id='word_1_287' title='bbox 1016 3147 1043 3198; x_wconf 83' lang='lat'><strong>3</strong></span> <span class='ocrx_word' id='word_1_288' title='bbox 1070 3131 1337 3198; x_wconf 63' lang='lat' dir='ltr'>Poteram]</span> <span class='ocrx_word' id='word_1_289' title='bbox 1368 3130 1631 3196; x_wconf 80' lang='lat' dir='ltr'>Mallemus</span> <span class='ocrx_word' id='word_1_290' title='bbox 1652 3159 1673 3189; x_wconf 81' lang='lat'>‚</span> <span class='ocrx_word' id='word_1_291' title='bbox 1694 3130 1704 3138; x_wconf 75' lang='grc'>’</span> 
     </span>
    </p>

    <p class='ocr_par' dir='ltr' id='par_1_7' title="bbox 152 3203 1304 3408">
     <span class='ocr_line' id='line_1_37' title="bbox 220 3203 1182 3276; baseline 0.005 -22"><span class='ocrx_word' id='word_1_292' title='bbox 220 3218 253 3254; x_wconf 87' lang='lat'>2</span> <span class='ocrx_word' id='word_1_293' title='bbox 271 3203 403 3257; x_wconf 80' lang='lat' dir='ltr'>Inter</span> <span class='ocrx_word' id='word_1_294' title='bbox 426 3208 674 3275; x_wconf 78' lang='lat' dir='ltr'>lignario’s.</span> <span class='ocrx_word' id='word_1_295' title='bbox 698 3206 720 3275; x_wconf 95' lang='lat'>]</span> <span class='ocrx_word' id='word_1_296' title='bbox 750 3208 865 3259; x_wconf 84' lang='lat' dir='ltr'>Hoc</span> <span class='ocrx_word' id='word_1_297' title='bbox 934 3221 1182 3276; x_wconf 78' lang='lat' dir='ltr'>potuerat.</span> 
     </span>
     <span class='ocr_line' id='line_1_38' title="bbox 152 3274 1304 3408; baseline 0.009 -82"><span class='ocrx_word' id='word_1_298' title='bbox 152 3274 539 3334; x_wconf 79' lang='lat' dir='ltr'>videtur-nomen</span> <span class='ocrx_word' id='word_1_299' title='bbox 562 3277 654 3358; x_wconf 63' lang='lat' dir='ltr'>effe</span> <span class='ocrx_word' id='word_1_300' title='bbox 684 3283 784 3335; x_wconf 86' lang='lat' dir='ltr'>loci</span> <span class='ocrx_word' id='word_1_301' title='bbox 801 3281 866 3333; x_wconf 85' lang='lat' dir='ltr'>fic</span> <span class='ocrx_word' id='word_1_302' title='bbox 1137 3332 1144 3337; x_wconf 83' lang='lat'><strong>.</strong></span> <span class='ocrx_word' id='word_1_303' title='bbox 1221 3346 1267 3408; x_wconf 77' lang='lat' dir='ltr'>P</span> <span class='ocrx_word' id='word_1_304' title='bbox 1292 3347 1304 3360; x_wconf 40' lang='lat'>⁸</span> 
     </span>
    </p>

    <p class='ocr_par' dir='ltr' id='par_1_8' title="bbox 1291 3366 1354 3408">
     <span class='ocr_line' id='line_1_39' title="bbox 1291 3366 1354 3408; baseline 0.032 -2"><span class='ocrx_word' id='word_1_305' title='bbox 1291 3366 1354 3408; x_wconf 74' lang='lat' dir='ltr'>IV</span> 
     </span>
    </p>
   </div>
  </div>
 </body>
</html>
