2175 3875
349 256 409 327 L
467 274 498 325 1
551 272 593 325 Β
647 273 690 326 Ε
753 274 803 325 R
907 252 1331 326 XXXVI.
1478 273 1634 344 4οτἸ

65 352 324 431 primurn
360 350 494 429 ejus
521 349 876 436 ingrestum,
901 354 1225 431 principum
1251 347 1487 433 quidam
1520 370 1621 410 ur·
1633 364 1865 430 U,c.56r.'

68 435 151 493 be
189 432 555 495 excess'erunt
588 455 602 494 ι
640 428 1016 514 Eurydochus
1043 451 1312 494 mortem
1340 430 1441 491 fibi
1482 432 1892 509 con-210C·191·,

68 512 251 574 scivit.
299 514 588 575 Antiochi
631 515 846 575 milites
892 511 1009 596 (fic
1040 516 1197 575 enim
1233 511 1383 594 pacti
1411 512 1624 594 erant)
1711 522 1720 529 “

70 613 178 672 per
219 594 648 656 Macedoniam
686 593 1119 678 Thraciamque
1144 640 1163 669 ,
1211 594 1625 676 prosequenti-

70 674 177 733 bus
218 675 659 738 Macedonibus
677 720 697 751 ‚
722 697 799 737 ne
833 679 957 758 quis
985 697 1093 738 eos
1120 676 1368 738 violaret
1397 722 1416 749 ‚
1455 672 1634 756 Lysi·-

74 756 371 817 machiam
417 758 655 820 deduffi
701 757 848 818 sunt.
881 756 1060 818 Erant
1103 758 1168 817 δι
1209 779 1408 840 paucae
1444 775 1627 818 naves

78 833 473 900 Demetriade
497 884 518 911 ‚
539 838 748 920 quibus
775 856 1019 918 praeerat
1051 838 1299 899 Isidorus
1326 857 1446 898 :eae
1512 858 1629 897 uo-

84 936 198 996 que
241 938 371 979 cum
404 919 687 1001 praefecto
725 919 825 979 suo
869 919 1102 981 dimiffae
1128 918 1276 979 sunt.
1320 917 1470 980 Inde
1559 940 1631 978 o·

84 997 303 1076 lopiam
330 1044 350 1072 ‚
407 1001 476 1061 &
514 1001 934 1083 Aperantiam,
968 1001 1032 1062 &
1069 1000 1411 1062 Perrhaebiae
1456 999 1631 1082 quas-

87 1077 223 1137 dam
272 1083 546 1143 civitates
584 1084 826 1161 recepit.

163 1158 461 1223 XXXIV.
500 1161 671 1222 Dum
699 1163 823 1222 haec
856 1184 889 1222 a
909 1161 1180 1243 Philippo
1247 1179 1514 1236 eruatur,
1548 1159 1628 1223 T.
1645 1171 1873 1245 Quintius

90 1237 372 1318 Quintius
410 1244 654 1324 recepta
702 1243 1010 1323 Zacyntho
1061 1244 1134 1303 ab
1180 1182 1444 1304 Kchaico
1478 1248 1690 1304 con-in
1726 1248 1871 1298 Nau-

91 1322 227 1381 cilio
279 1321 413 1383 Nau
457 1325 653 1385 adium
691 1322 916 1403 trajecit
955 1345 971 1384 ε
1007 1345 1138 1405 quae
1180 1322 1296 1404 jam
1334 1346 1441 1406 per
1481 1323 1837 1390 duospaft'flm·

92 1401 320 1465 menses
352 1403 382 1485 (
422 1408 505 1469 ed
552 1426 741 1487 prope
765 1406 1076 1466 exscidium
1100 1405 1274 1487 erat)
1324 1408 1631 1489 oppugna·

92 1482 293 1559 batur,
338 1487 402 1547 &
423 1534 442 1562 ‚
483 1486 533 1547 fi
562 1505 727 1569 capta
764 1489 821 1546 ‘vi
855 1486 1011 1548 foret
1032 1533 1052 1560 ,
1094 1507 1272 1547 omne
1294 1488 1374 1546 ibi
1407 1506 1631 1565 nomen

98 1563 427 1628 AEtolorum
463 1568 545 1629 ad
588 1571 1050 1633 internecionem
1087 1567 1393 1628 videbatur
1425 1584 1640 1627 ventu»

95 1664 236 1705 rum.
275 1645 609 1722 Ceterum,
654 1669 982 1731 quanquam
1030 1649 1242 1708 merito
1299 1649 1472 1707 iratus
1510 1663 1635 1708 erat

24 1762 27 1765 -
100 1724 299 1789 AEtolis
330 1773 352 1803 ,
401 1749 430 1810 3
474 1731 641 1811 quod
678 1730 833 1790 solos
876 1726 1211 1791 obtreRass’e
1260 1727 1455 1810 gloriae
1492 1726 1640 1801 suae,

107 1824 279 1885 quum
319 1811 600 1872 liberaret
637 1809 928 1872 Graeciam
953 1855 972 1882 ‚
1008 1813 1384 1882 meminerat,
1417 1809 1481 1869 &
1504 1808 1643 1868 nihil

105 1886 433 1955 auctoritate
504 1890 603 1955 sua
650 1911 846 1954 motos
884 1890 999 1954 effe
1024 1937 1043 1966 ,
1083 1909 1304 1973 quum,
1347 1909 1473 1972 quae
1514 1907 1646 1952 tum

110 1972 352 2033 maxime
391 1974 765 2047 acciderant,
807 1972 996 2035 casura
1027 1992 1400 2054 praemonens
1429 2017 1450 2046 ‚
1475 1993 1510 2032 a
1546 1970 1649 2031 fuz-

109 2049 255 2114 rioso
296 2056 544 2137 incepto
573 2075 676 2117 eos
722 2056 1082 2127 deterreret3
1120 2072 1320 2114 tamen
1344 2052 1425 2113 sui
1453 2056 1644 2114 maxi-

113 2132 204 2190 me
234 2139 427 2214 operis
468 2135 588 2199 esse
640 2137 923 2209 credens,
970 2136 1186 2196 nullam
1218 2151 1451 2218 gentem
1493 2135 1642 2196 libe·

116 2229 241 2273 ratae
270 2237 302 2275 a
328 2217 384 2278 se
409 2217 658 2280 Graeciae
675 2264 694 2293 ‚
721 2218 974 2278 funditus
1009 2220 1239 2291 everti,
1264 2217 1641 2280 obambulare

117 2297 282 2356 muris
306 2343 329 2369 ,
369 2318 435 2361 ut
469 2299 643 2360 facile
683 2297 1017 2360 nosceretur
1051 2299 1126 2358 ab
1159 2297 1368 2359 AEtolis
1393 2343 1412 2371 ,
1437 2301 1656 2378 coepit..

122 2369 438 2440 Confestim
478 2402 516 2440 a
560 2382 757 2461 primis
804 2378 1139 2440 stationibus
1198 2380 1462 2461 cognitus
1513 2378 1642 2451 est,

120 2455 529 2543 vulgatumque
576 2481 934 2543 pet-omnes
985 2461 1219 2520 ordines
1259 2505 1277 2533 ‚
1326 2458 1644 2539 Quintium

126 2532 232 2597 effe
253 2559 272 2611 ;
291 2542 486 2625 itaque
528 2541 802 2605 concursu
838 2539 990 2602 facio
1021 2541 1275 2621 undique
1308 2542 1369 2601 in
1400 2561 1598 2602 muros
1623 2586 1644 2615 ‚

121 2634 312 2680 manus
356 2644 466 2704 pro
506 2623 565 2685 se
610 2622 847 2705 quisque
890 2622 1197 2684 tendentes
1226 2667 1244 2697 ‚
1286 2623 1642 2684 consonante
1729 2640 1882 2707 opem

126 2695 373 2763 clamore
408 2706 755 2767 nominatim
778 2703 1094 2784 Quintium
1124 2724 1290 2765 orare
1314 2749 1333 2777 ,
1370 2722 1436 2765 ut
1461 2724 1638 2783 opem
1653 2711 1747 2776 ejus
1789 2715 1882 2764 im-

127 2772 295 2841 ferret
337 2805 403 2844 ac
446 2786 719 2847 servaret.
746 2785 822 2846 Et
857 2803 979 2846 turn
1017 2785 1291 2865 quidem,
1314 2786 1845 2865 quanquamplorant

128 2875 451 2926 moveretur
495 2868 581 2927 his
627 2863 873 2926 vocibus
894 2911 913 2940 ,
939 2886 1112 2925 manu
1157 2883 1351 2926 tamen
1381 2886 1419 2939 4
1446 2855 1836 2924 abnuitAEtvli·

132 2938 390 3014 quiddam
422 2950 555 3028 opis
578 2950 634 3007 in
666 2948 722 3008 se
752 2946 885 3008 esse.
910 2944 1193 3009 Ceterum
1217 2991 1237 3020 ,
1265 2944 1641 3028 posteaquam

132 3016 201 3080 ad
234 3024 525 3090 consulem
565 3030 727 3091 venit
751 3074 771 3104 ,
802 3029 998 3089 Urricm
1028 3027 1198 3105 firllir
1224 3073 1245 3101 ,
1285 3029 1511 3108 inquit,
1546 3043 1596 3085 re
1620 3068 1643 3095 ,

154 3268 164 3280 ,
179 3210 225 3284 ⁸3
261 3201 600 3279 Qubdsolox]
625 3212 840 3283 Elegan·
986 3225 1022 3268 4
1035 3207 1217 3258 Abnuz‘e
1235 3205 1450 3273 quiddam
1469 3201 1571 3269 opis
1588 3209 1643 3253 in

134 3278 223 3322 uus
241 3306 255 3333 ,
278 3294 383 3348 quos
397 3280 550 3350 solos.
907 3280 962 3354 se
976 3281 1237 3352 offe.]1mb,
1254 3279 1500 3347 quidquam
1511 3278 1637 3347 opis,
