2175 3875
337 194 430 272 T.
478 199 753 270 L1v11
805 190 996 267 Lm.
1044 188 1401 264 XXXV.
1518 181 1661 281 289⁴

173 341 1653 407 .ω

381 486 438 556 L
487 487 519 556 1
568 485 619 556 B
673 485 729 556 E
777 483 844 554 R
957 478 1032 551 X
1090 481 1165 554 X
1212 479 1286 552 X
1333 483 1425 552 V.

156 661 207 726 I.
239 603 730 728 PRINCIPIO
778 664 914 722 anni
963 682 1083 743 quo
1124 660 1251 721 haec
1297 657 1454 742 gesta
1495 657 1625 720 sunt
1645 676 1920 743 ,U.c.559.·

156 744 285 808 Sex.
323 743 578 826 Digitius
639 763 852 825 praetor
903 746 963 802 in
1006 741 1283 823 Hispania
1339 744 1611 803 citeriore
1650 761 1710 816 ,Ἰ
1737 743 1776 792 C
1806 757 1919 822 193-

158 849 285 887 cum
322 826 644 886 civitatibus
684 828 750 885 iis
786 847 915 906 quae
955 823 1086 903 post
1123 821 1550 904 profeffionem
1580 808 1925 897 M.R‘⁵‚H¹s‘.

160 906 390 968 Catonis
435 906 738 988 permultae
780 906 1209 980 rebellaverant
1238 949 1259 975 ,
1308 906 1506 965 crebra
1545 925 1670 967 ma·
1685 901 1868 957 panta,

155 992 241 1074 gis
274 1034 291 1061 ,
323 987 494 1070 quam
538 988 710 1069 digna
746 988 900 1047 diflu
936 986 1132 1067 praelia
1177 985 1316 1046 fecit
1350 1030 1372 1057 ‚
1414 986 1476 1046 &
1515 987 1672 1047 adeo

154 1072 419 1153 pleraque
458 1069 695 1128 adversa
716 1114 734 1140 ‚
761 1088 824 1128 ut
850 1070 949 1128 vix
989 1088 1014 1126 1
1047 1068 1350 1127 dimidium
1389 1068 1677 1142 rnilitum,

152 1152 320 1231 quam
381 1150 539 1230 quod
594 1160 899 1230 acceperat
936 1193 956 1223 ‚
1003 1148 1306 1209 successori
1357 1149 1679 1211 tradiderit.

154 1231 282 1293 Nec
320 1231 559 1311 dubium
590 1230 672 1290 est
700 1276 720 1305 ‚
759 1235 897 1312 quin
941 1233 1133 1291 omnis
1176 1230 1450 1311 Hispania
1493 1230 1684 1296 subla<

154 1328 279 1374 tura
320 1316 542 1372 animos
585 1312 757 1372 fuerit
778 1356 798 1386 ‚
832 1314 893 1372 ni
929 1312 1073 1372 alter
1109 1330 1319 1392 praetor
1344 1311 1409 1372 P.
1434 1310 1685 1380 Corne-,

151 1394 259 1456 lius
302 1392 416 1454 Cn.
464 1392 530 1453 F.
582 1393 779 1473 Scipio
810 1438 832 1465 ,
876 1411 1030 1453 trans
1077 1391 1314 1453 Iberum
1354 1395 1537 1454 multa
1586 1393 1686 1454 se-

151 1475 342 1536 cunda
384 1475 579 1556 praelia
617 1471 874 1534 fecisset:
898 1496 1018 1555 quo
1062 1491 1284 1535 terrore
1318 1497 1448 1534 -non
1490 1477 1684 1535 minus

152 1559 563 1639 quinquaginta
603 1556 826 1636 oppida
859 1557 935 1615 ad
968 1576 1102 1616 eum
1132 1556 1490 1619 defecerunt.
1524 1554 1684 1615 Prae-
1743 1611 1747 1614 ,

151 1653 249 1697 tor
282 1638 404 1697 haec
437 1635 676 1720 gesserat
719 1635 935 1717 Scipio.
968 1635 1136 1697 Idem
1166 1645 1527 1718 propraet'ore
1561 1635 1685 1697 Lu-

149 1717 363 1782 fitanos
402 1763 423 1792 ,
477 1715 799 1799 pervastata
849 1718 1103 1778 ulteriori
1155 1718 1455 1800 provincia
1484 1762 1502 1790 ,
1548 1738 1684 1777 cum

148 1800 375 1882 ingenti
411 1800 609 1878 praeda
644 1799 886 1864 domum
921 1799 1234 1860 redeuntes
1258 1843 1277 1868 ‚
1314 1802 1372 1858 in
1417 1798 1543 1878 ipso
1579 1801 1684 1858 iti-

149 1902 292 1942 nere
320 1879 608 1964 aggressus
629 1925 647 1954 ‚
670 1882 742 1939 ab
771 1880 916 1940 hora
947 1882 1116 1941 tertia
1153 1881 1268 1940 diei
1302 1879 1375 1939 ad
1413 1878 1685 1941 οὲὶεινειηι

149 1962 375 2024 incerto
417 1979 635 2023 eventu
669 1963 945 2044 pugnavit
968 2008 986 2033 ‚
1016 1982 1265 2023 numero
1300 1962 1543 2021 militum
1568 1963 1689 2019 im·-

129 2065 255 2125 .par
281 2090 302 2117 ,
342 2043 601 2124 superior
644 2043 767 2103 aliis
807 2064 825 2116 ;
870 2063 1003 2101 narn
1042 2045 1106 2102 &
1152 2064 1186 2102 2
1227 2044 1350 2102 acie
1396 2041 1688 2123 frequenti

146 2128 388 2186 armatis
435 2126 713 2185 adversus
752 2124 995 2206 longum
1038 2123 1102 2184 &
1137 2125 1478 2205 impeditum
1516 2124 1685 2183 turba

144 2227 439 2288 pecorum
487 2225 704 2287 agmen
740 2249 759 2278 ,
809 2206 873 2266 &
918 2206 1138 2286 recenti
1184 2206 1368 2266 milite
1407 2204 1688 2265 adversus

146 2286 326 2348 seffos
375 2288 560 2369 longo
601 2287 807 2346 itinere
846 2285 1468 2360 concurrerat2Tertia
1509 2286 1690 2357 nam--⁴

149 2390 264 2452 que
305 2369 507 2450 ngilia
551 2369 809 2427 exierant
840 2366 1221 2427 hosteszhuic
1265 2366 1547 2428 nociurno
1587 2370 1691 2427 iti·-
1735 2432 1739 2436 ,

147 2452 277 2509 neri
330 2468 449 2509 tres
501 2448 720 2518 diurnae
766 2447 924 2505 horae
971 2446 1315 2510 accesserant
1356 2469 1370 2508 ε
1413 2469 1525 2508 nec
1567 2449 1687 2523 ulla

192 2534 356 2591 uiete
397 2530 529 2589 data
554 2574 575 2601 ‚
602 2529 866 2588 laborem
906 2530 1018 2588 viae
1061 2531 1319 2609 praelium
1357 2547 1690 2609 exceperat.

182 2630 363 2691 taque
404 2612 690 2691 principio
724 2630 799 2690 pu
844 2630 929 2668 nae
959 2611 1178 2690 vigoris
1212 2611 1423 2692 aliquid
1455 2613 1518 2669 in
1554 2631 1690 2670 cor-

149 2695 401 2773 poribus
434 2690 749 2771 animisque
785 2630 892 2751 ἕξιίῑ
931 2711 947 2751 2
985 2690 1049 2752 &
1081 2691 1454 2753 turbaverant
1495 2692 1690 2773 primo
1720 2704 1735 2710 ’“

231 2863 258 2899 1
314 2848 585 2899 Dimidium
633 2847 831 2903 militum
871 2882 886 2908 ,
1038 2864 1069 2899 2
1108 2849 1229 2919 Αςὶε
1259 2847 1499 2916 frequenti
1532 2865 1693 2898 arma-

152 2921 438 2990 qucimquod
453 2922 739 2989 acceperam]
762 2923 888 2971 Dele
962 2920 1085 2988 tis-J
1116 2923 1235 2971 Acie
1273 2924 1443 2973 densos
1478 2936 1690 2975 armatos

150 3010 337 3044 vocem
360 2997 614 3062 quod,quae
631 2995 890 3045 necessaria
962 2996 1174 3045 habente
1190 3034 1204 3059 ,
1225 3013 1362 3062 quam
1384 3013 1473 3046 nec
1493 2996 1651 3061 praeda
1666 3028 1686 3054 ,
1742 2992 1749 2996 ’

153 3082 260 3115 non
283 3069 371 3118 est.
397 3070 562 3118 Simile
584 3071 807 3118 mendum
832 3070 893 3117 ir·
967 3085 1061 3117 nec
1100 3070 1444 3135 impedimenta
1482 3071 1697 3122 interru-

150 3141 378 3203 περί-ἐκεῖ
424 3142 571 3205 §supra
626 3142 889 3204 XXXIV,
965 3153 1097 3211 ptam
1124 3143 1258 3194 hiare
1295 3153 1554 3211 cogerent·

162 3224 253 3276 μ.
287 3214 407 3268 Vid.
432 3215 496 3263 ibi
517 3225 629 3266 not.-
651 3231 705 3270 2.

332 3286 486 3348 TUM·
527 3289 601 3352 Vt
851 3348 857 3355 ,
1315 3282 1381 3353 N
