2175 3875
52 2303 107 2346 4

470 202 903 272 LIBER
1007 192 1382 266 XXXV.
1571 214 1706 288 343

165 294 471 378 Purpureo
508 314 722 378 praetor
749 294 982 357 Gallico
1013 294 1175 354 bello
1205 313 1383 352 unam
1404 333 1426 365 ,
1469 287 1710 354 alteram
1724 288 1956 372 [105663

170 379 374 438 consul
403 399 422 453 ;
457 379 751 440 dedicavit
796 376 883 457 Q.
926 373 1183 438 Marcius
1217 373 1385 434 Ralla
1421 371 1708 432 duumvir.
1722 374 1953 438 a-C·192·

172 458 400 520 Judicia
453 462 511 520 in
546 459 932 527 foeneratores
974 477 1054 519 eo
1094 479 1250 517 anno
1287 453 1468 515 multa
1509 453 1709 515 severe
1737 471 1954 524 Foenera-

162 539 299 600 sunt
345 540 525 615 facia,
560 540 953 601 accusantibus
995 539 1253 621 privatos
1292 536 1559 597 aedilihus
1601 556 1706 595 cu·
1721 563 1848 600 tores

159 623 434 697 rulibus,
483 623 577 682 M.
607 621 834 685 Tuccio
857 667 877 695 ,
927 622 992 681 &
1037 618 1103 681 P.
1144 620 1319 681 Junio
1361 617 1593 689 Brut03
1630 616 1707 678 de
1722 617 1957 676 damnati.

158 703 385 763 mulcia
421 704 828 765 damnatorum
863 703 1155 785 quadrigae
1193 703 1467 772 inaurata
1496 702 1555 758 in
1586 697 1710 760 Ca-

161 785 382 865 pitolio
418 785 619 867 pofitae
666 788 723 846 in
759 785 905 846 cella
939 784 1105 845 Jovis
1147 804 1173 842 ι
1216 781 1383 862 supra
1418 780 1710 863 fastigium

162 866 428 926 aediculae
465 912 486 941 ‚
529 868 596 928 &
656 867 970 928 duodecim
1030 867 1132 947 ely
1179 884 1249 925 ea
1283 867 1540 924 inaurata
1578 880 1595 922 t
1634 864 1704 924 &

159 947 349 1008 iidem
374 951 664 1029 porticum
688 966 850 1010 extra
872 964 1106 1030 portam
1189 947 1531 1028 rigeminam
1558 964 1592 1003 2
1615 946 1711 1005 in-

159 1045 258 1088 ter
293 1029 572 1109 lignarios
606 1029 893 1091 fecerunt.
1388 1067 1393 1073 ·

246 1109 437 1171 XLII.
476 1109 721 1173 Intentis
749 1114 808 1171 in
838 1127 1190 1191 apparatum.
1215 1110 1362 1170 novi
1401 1107 1543 1170 belli
1575 1105 1714 1168 Ro·

159 1194 360 1251 manis
379 1237 400 1265 ‚
434 1213 508 1254 ne
529 1196 606 1254 ab
625 1194 928 1256 Antiocho
942 1193 1180 1273 quidem
1199 1190 1536 1252 ceffabatur.
1551 1188 1710 1251 Tres

158 1291 310 1332 eum
338 1276 601 1338 civitates
637 1276 919 1337 tenebant
942 1319 961 1349 ‚
1005 1273 1261 1359 Smyrna
1281 1319 1301 1348 ‚
1345 1274 1419 1339 ὃς,
1441 1271 1714 1333 Alexan-

156 1352 295 1415 dria
331 1353 522 1417 Troas
540 1402 564 1430 ,
607 1357 675 1418 δι
717 1355 1061 1437 Lampsacus
1084 1401 1106 1427 ,
1130 1376 1272 1437 quas
1304 1374 1498 1436 neque
1521 1358 1586 1415 vi
1611 1372 1710 1414 ex·

154 1456 434 1518 pugnate
469 1438 569 1497 ad·
744 1438 901 1498 diem
944 1456 972 1517 3
1016 1453 1291 1517 poterat,
1324 1432 1515 1517 neq'ue
1553 1455 1706 1495 con·

154 1516 483 1579 ditionibus
519 1521 576 1578 in
757 1522 915 1580 itiam
947 1519 1232 1601 perlicere
1255 1560 1273 1589 ‚
1305 1536 1495 1596 neque
1532 1535 1565 1575 a
1587 1533 1709 1575 ter-

155 1617 249 1680 go
287 1601 617 1681 relinquere
651 1598 942 1680 trajiciens
976 1599 1095 1681 ipse
1143 1601 1204 1659 in
1248 1596 1548 1677 Europam
1586 1617 1712 1657 vo·
1937 1642 1942 1651 .

149 1680 346 1743 lebat.
377 1679 600 1743 Tenuit
632 1702 770 1744 eum
804 1682 868 1742 &
904 1682 977 1744 de
1004 1678 1298 1742 Annibale
1339 1679 1705 1740 deliberatio.
1723 1678 1951 1733 Antiochi

154 1759 244 1821 Et
279 1763 474 1842 primo
512 1783 691 1825 naves
726 1781 943 1845 apertae
967 1809 985 1836 ‚
1021 1783 1163 1843 quas
1212 1781 1345 1821 cum
1388 1780 1464 1822 eo
1506 1757 1775 1820 missu-de
1794 1755 1954 1806 Amss‘·

154 1863 261 1902 rus
313 1845 374 1903 in
427 1843 685 1906 Africam
722 1845 951 1920 fuerat,
989 1861 1233 1906 moratae
1266 1842 1393 1902 sunt
1427 1863 1440 1900 ε
1491 1829 1825 1917 deindebffl‘
1874 1830 1955 1914 ‘¹5’

151 1946 238 1985 an
286 1928 537 1988 omnino
578 1928 894 1989 mittendus
934 1925 1114 1999 esset,
1158 1922 1500 1987 consultatio
1543 1905 1945 1986 motahb‘mm

154 2004 249 2068 est
263 2051 284 2080 ‚
327 2011 580 2071 maxime
600 2031 636 2070 a
657 2008 935 2071 Thoante
957 2010 1163 2070 AEtolo
1182 2053 1201 2079 ‚
1228 2010 1327 2090 qui
1351 2005 1622 2069 omnibus
1647 2010 1709 2068 in

155 2086 398 2150 Graecia
437 2092 686 2153 tumultu
729 2092 1041 2173 completis
1064 2136 1082 2163 ‚
1129 2088 1579 2151 Demetriadem
1618 2088 1711 2151 af-

150 2169 803 2257 ferebatinlpotestate
849 2172 964 2236 esse
1001 2196 1015 2235 ε
1057 2172 1124 2234 &
1154 2173 1361 2254 quibus
1393 2170 1711 2236 mendaciis

154 2252 240 2313 de
296 2273 437 2335 rege
473 2300 494 2329 ‚
553 2256 999 2339 multiplicando
1044 2256 1243 2317 verbis
1291 2258 1491 2338 copias
1533 2254 1658 2333 ejus
1686 2303 1708 2331 ,

155 2352 433 2396 erexerat
465 2337 781 2399 multorum
826 2340 884 2397 in
922 2335 1154 2398 Graecia
1189 2339 1415 2399 animos
1436 2384 1462 2411 ‚
1501 2337 1710 2400 iisdem

160 2417 234 2476 &
271 2419 432 2499 regis
467 2416 631 2501 spem
655 2420 893 2487 inflabat
935 2441 949 2477 z
994 2421 1255 2481 Omnium
1275 2423 1423 2482 votis
1462 2441 1582 2481 eum
1625 2442 1713 2481 ar·

155 2499 285 2576 ceffi
301 2521 330 2571 ;
355 2502 667 2580 concursum
702 2504 782 2561 ad
814 2502 1006 2563 littora
1037 2499 1291 2578 flaturum
1314 2545 1334 2575 ,
1377 2504 1520 2562 un'de
1555 2502 1710 2581 clas-

141 2581 265 2661 sem
287 2583 491 2663 regiam
524 2580 938 2664 prospexiffint.
962 2582 1078 2641 Hic
1103 2582 1265 2643 idem
1292 2581 1454 2643 ausus
1489 2583 1563 2644 de
1587 2584 1709 2644 An-

154 2661 358 2724 nibale
398 2661 480 2723 est
512 2684 758 2726 movere
794 2662 1136 2725 sententiam
1186 2684 1374 2746 prope
1417 2662 1537 2746 jam
1579 2685 1709 2726 cer-

244 2821 264 2857 1
294 2805 453 2874 Supra
468 2804 708 2875 fizstigium
725 2806 899 2858 aedieu-
974 2806 1084 2856 diffi
1108 2825 1133 2856 a
1158 2807 1373 2875 lignariis
1405 2806 1658 2874 opificibus
1687 2824 1704 2860 ε

162 2881 242 2932 lae.
265 2880 289 2947 J
319 2879 558 2930 AEdicula
593 2879 675 2931 hic
713 2880 899 2931 intelli·
974 2880 1039 2929 ita
1060 2892 1116 2930 ut
1139 2881 1266 2932 inter
1285 2881 1513 2949 lignarios
1535 2880 1708 2931 eadem

161 2956 319 3022 genda
351 2954 551 3005 videtur
593 2954 780 3020 capsula
816 2953 897 3003 aii·
973 2952 1130 3003 forma
1161 2955 1347 3005 dicatur
1371 2989 1387 3013 ,
1424 2954 1515 3021 quii
1538 2987 1553 3012 ‚
1577 2953 1615 3003 l.
1641 2954 1661 3002 1
1687 2986 1712 3011 r

160 3046 254 3094 qua
277 3062 291 3085 ‚
332 3043 442 3096 quae
482 3027 678 3078 fortaffe
717 3027 898 3096 {ignum
974 3043 1020 3078 c.
1045 3027 1074 3076 8
1096 3061 1115 3083 ,
1139 3027 1264 3078 inter
1284 3030 1402 3079 duos
1432 3028 1583 3076 lucos.

158 3100 298 3155 Jovis
321 3116 408 3153 aut
442 3101 571 3151 sacra
602 3103 897 3152 includeret.
1047 3115 1074 3166 3
1102 3099 1367 3167 Poteram]
1398 3099 1662 3167 Mallemus
1683 3101 1734 3159 ‚'

235 3191 270 3228 2
288 3175 429 3227 Inter
453 3176 706 3243 lignario‘s.
728 3176 751 3242 ]
781 3175 896 3226 Hoc
965 3189 1212 3243 potuerat.

158 3249 353 3305 videtur
368 3265 567 3304 -nomen
589 3243 684 3324 effe
714 3250 815 3302 loci
832 3248 897 3300 fic
1167 3301 1172 3305 ,
1251 3314 1297 3376 P
1322 3316 1335 3330 .

1321 3336 1384 3378 IV
