2175 3875
370 200 429 276 L
477 220 506 274 1
555 220 605 274 B
656 222 700 275 E
747 222 800 276 n
897 202 1338 275 XXXVI.
1490 211 1628 295 377

116 298 299 364 fuisset
326 298 616 384 Philippus
643 321 746 363 rex
768 346 791 375 ,
816 300 890 361 ad
921 301 1233 361 ludibrium
1271 316 1474 381 regem
1499 318 1634 358 eum
1648 313 1877 378 [Le-,5612

121 382 447 444 consalutari
500 380 649 460 juffit
690 403 712 457 3
751 382 870 463 ipse
921 404 1034 443 con
1078 381 1248 444 reffus
1282 425 1301 455 ,
1345 380 1585 441 fratrem
1613 384 1876 454 ,za-cam»

120 463 268 525 haud
299 463 426 525 sane
454 464 674 525 decoro
709 461 992 543 majestati
1025 404 1135 522 ἐκ
1172 462 1349 542 joco,
1376 461 1638 541 appella·

120 545 217 605 vit.
241 544 538 607 DeduRus
573 545 709 609 inde
740 546 814 605 ad
851 544 1150 606 consulem
1171 591 1188 615 ‚
1219 542 1491 604 custodiri
1522 539 1639 622 jus·

114 623 200 686 sus
223 646 237 685 ε
262 627 323 688 &
353 626 504 688 haud
535 629 614 687 ita
644 627 828 687 multo
863 625 993 708 post
1018 629 1076 686 in
1112 624 1357 685 vinculis
1378 623 1640 684 Romam

113 704 336 781 miffus;
361 728 554 771 cetera
591 709 901 770 multitudo
934 709 1327 769 Athamanum
1351 750 1374 779 ,
1395 723 1493 766 aut
1523 707 1641 766 mi·-

114 787 275 848 litum
308 791 588 852 Antiochi
621 791 771 872 regis
793 835 814 862 ‚
844 810 970 870 quae
1005 792 1062 848 in
1100 787 1368 870 praestdiis
1396 787 1641 847 dedito-

118 889 241 929 rum
275 890 376 950 per
410 891 516 933 eos
559 872 683 933 dies
724 872 1080 953 oppidorum
1112 869 1299 931 fuerat
1319 913 1339 943 ,
1369 868 1640 950 Philippo

119 951 317 1011 tradita
338 973 400 1013 re
442 956 458 1012 i
496 950 579 1014 est
604 972 622 1025 ;
646 949 806 1014 fuere
840 971 1034 1014 autem
1070 950 1143 1012 ad
1184 952 1290 1010 tria
1328 951 1506 1010 millia
1529 949 1641 1011 ho-

117 1033 351 1095 minum.
434 1032 601 1095 onsul
629 1031 898 1094 Larissam
933 1033 1016 1096 est
1045 1030 1336 1113 professus
1366 1076 1387 1107 ,
1420 1033 1521 1092 ubi
1561 1031 1640 1093 de

115 1111 326 1176 summa
360 1115 504 1176 belli
537 1116 956 1180 consultaturus
978 1135 998 1187 ;
1020 1116 1081 1174 in
1113 1116 1316 1175 itinere
1348 1134 1381 1172 2
1405 1114 1477 1174 ab
1499 1111 1643 1173 Pie-

114 1195 196 1254 ria
241 1196 304 1256 ὅ(
339 1196 676 1276 Metropoli
727 1196 903 1279 iegati
946 1198 1241 1257 tradentes
1288 1195 1459 1255 urbes
1514 1194 1641 1255 suas

117 1296 508 1338 occurrerunt.·
551 1276 843 1359 Philippus
899 1278 1293 1339 Athamanum
1348 1275 1642 1359 praecipue

118 1360 348 1438 captivis
386 1359 762 1442 indulgenter
789 1360 1031 1433 habitis,
1056 1378 1120 1420 ut
1153 1380 1257 1440 per
1292 1380 1399 1421 eos
1433 1361 1644 1419 conci-

117 1437 274 1500 liaret
300 1440 785 1522 gentem,na&us
816 1440 977 1522 spem
1002 1443 1367 1502 Athamaniae
1405 1442 1645 1521 potiun-

117 1518 236 1595 dae,
261 1526 584 1585 exercitum
620 1525 696 1584 eo
735 1523 934 1595 duxit,
954 1521 1251 1604 praerniffis
1284 1525 1344 1582 in
1375 1522 1644 1581 civitates

118 1606 371 1682 captivis.
389 1603 465 1664 Et
490 1604 572 1664 illi
602 1625 874 1688 magnam
910 1601 1318 1681 au&oritaten‘t
1337 1603 1493 1683 apud
1529 1623 1648 1681 po-

118 1684 336 1764 pulares
372 1686 700 1748 habuerunt
725 1731 748 1758 ,
790 1687 1164 1747 clementiam
1209 1704 1348 1766 erga
1388 1684 1447 1744 se
1494 1684 1643 1765 regis

118 1764 683 1848 munificentiamque
720 1783 1257 1828 commemorantes
1299 1784 1314 1823 t
1350 1766 1413 1825 &
1447 1764 1652 1845 Amy·

124 1848 334 1910 nander
351 1896 370 1925 ,
390 1847 558 1925 cuius
579 1848 869 1932 praesentis
898 1846 1162 1928 majestas
1185 1847 1408 1929 aliquos
1441 1846 1500 1905 in
1526 1842 1648 1908 fide

119 1931 474 1998 continuisset
516 1979 536 2010 ‚
589 1939 807 1997 veritus
862 1952 942 1997 ne
998 1931 1321 1996 traderetur
1376 1926 1650 2012 Phffippo

119 2005 231 2088 jam
254 2017 485 2096 pridem
517 2014 662 2077 hosti
680 2064 699 2091 ‚
719 2018 786 2079 &
809 2010 1096 2078 Romanis
1116 2015 1327 2078 merito
1364 2031 1488 2074 tum
1511 2032 1652 2093 pro·

162 2111 244 2155 ter
272 2097 668 2161 defectionem
703 2098 981 2173 infensis,
1010 2119 1144 2160 cum
1184 2093 1359 2179 conju
1404 2117 1441 2160 e
1477 2116 1544 2156 ac
1581 2094 1652 2157 li·

121 2113 266 2242 geris
304 2177 495 2265 regno
534 2174 772 2244 exceffit
795 2226 814 2256 ,
841 2179 1330 2262 Ambraciamque
1384 2199 1417 2242 e
1442 2195 1650 2239 contu·

122 2257 218 2332 lit;
268 2264 345 2322 ita
383 2262 739 2324 Athamania
775 2265 968 2324 omnis
1012 2267 1070 2323 in
1110 2260 1201 2342 jus
1247 2262 1649 2341 ditionemque

126 2334 361 2426 Philippi
400 2342 703 2406 conceffit.
733 2341 956 2406 Consul
996 2344 1069 2403 ad
1117 2340 1429 2403 reficienda
1464 2344 1651 2402 maxi-

124 2423 216 2483 me
252 2422 514 2503 jumenta
550 2471 570 2500 ‚
612 2447 737 2507 quae
780 2425 846 2486 δι
883 2426 1256 2506 navigatione
1290 2469 1309 2495 ‚
1341 2426 1403 2484 &
1449 2422 1652 2504 postea

124 2502 416 2571 itineribus
458 2506 564 2569 fati
640 2525 699 2569 ta
741 2524 906 2570 erant
932 2552 951 2581 ,
986 2527 1202 2587 paucos
1250 2503 1470 2567 Lariss'ae
1512 2526 1653 2567 mo-

126 2605 273 2649 ratus
298 2589 424 2652 dies
446 2635 469 2666 ‚
494 2610 571 2651 ve
597 2609 659 2651 ut
693 2603 980 2651 renovato
1012 2587 1246 2648 modica
1269 2590 1466 2669 quiete
1488 2607 1656 2648 exer-

129 2668 240 2730 citu
262 2714 283 2745 ,
308 2669 651 2734 Cranonem
685 2669 768 2733 est
800 2669 1112 2751 profectus.
1153 2669 1436 2731 venienti
1465 2667 1654 2729 Phar-

129 2744 267 2818 salus
284 2797 304 2827 ,
325 2751 588 2816 Scotuss'a
608 2798 629 2827 ‚
664 2753 729 2814 &
768 2750 966 2820 Pherae
990 2798 1013 2825 ,
1030 2770 1277 2833 quaeque
1304 2754 1366 2809 in
1389 2753 1474 2813 eis
1503 2769 1655 2830 prae·

131 2825 263 2892 fidia
296 2835 579 2895 Antiochi
616 2853 779 2895 erant
802 2879 819 2906 ,
844 2833 1166 2906 deduntur3
1198 2853 1270 2892 ex
1307 2831 1373 2891 iis
1406 2836 1659 2900 interro·

135 2915 270 2995 gatis
295 2958 313 2986 ‚
336 2918 436 2997 qui
458 2935 693 2977 manere
723 2915 915 2975 secum
950 2914 1171 2978 velient
1198 2959 1217 2987 ,
1249 2912 1409 2973 mille
1450 2911 1659 2973 volen-

134 3001 218 3055 tes
255 2994 527 3079 Philippo
576 2997 751 3058 tradit
794 3017 811 3057 ε
861 3012 1092 3058 ceteros
1132 2999 1383 3057 inermes
1417 2991 1657 3068 Deme-2

210 3191 240 3225 2
261 3177 336 3228 Ab
358 3176 522 3230 Pieria
545 3179 588 3227 6·
610 3178 861 3246 Metropo·
934 3190 1041 3234 not.
1063 3194 1134 3241 ι,
1154 3176 1216 3240 ad
1232 3171 1435 3230 xxxu
1457 3201 1480 3229 ο
1517 3180 1607 3235 15·

139 3245 240 3317 li.]
293 3250 429 3325 Lege
447 3286 468 3314 ,
507 3250 695 3309 Pintia.
741 3253 862 3312 Vid.
1048 3263 1057 3272 “
1647 3251 1654 3256 ’

1229 3339 1288 3357 ol
