2175 3875
31 9 364 25 -ff-qwrffiff,

403 125 855 245 mnnit-
910 140 1348 246 xxxv..
1501 192 1636 270 345

129 288 263 332 num
287 271 524 333 alienum
545 273 809 333 oderunt.
843 270 1157 354 Extemplo
1187 266 1486 332 confilium
1512 273 1890 353 mit-U,e,560,

134 353 285 411 tendi
317 354 644 425 Annibalis,
679 355 840 434 quod
872 371 1050 417 unum
1079 357 1140 412 in
1172 353 1460 435 principio
1503 350 1642 411 belli
1659 356 1896 431 1.C.192.,

136 434 329 494 utiliter
364 440 684 518 cogitatum
713 440 903 508 erat„
940 433 1227 514 abjefitum
1270 431 1372 494 est.
1409 430 1641 493 Deme-

115 516 330 576 triadis·
351 518 596 577 maxime
640 516 973 578 defectione
1008 510 1081 576 ab
1120 515 1401 576 Romanis
1428 514 1501 574 ad
1522 513 1633 574 AE-

124 592 273 655 >‘tolos
308 598 523 674 elatus,
564 620 684 659 non
740 598 886 659 ultra
938 596 1171 658 differre
1212 594 1641 680 profeffionem

123 676 177 734 in
209 675 488 739 ,Gr-aeciam
529 678 842 740 constituit.
882 677 1213 759 Priusquam
1251 675 1505 739 solveret
1524 697 1640 736 na·
1708 701 1886 753 Λητὼ.

123 776 222 816 ves
245 801 262 829 ‚
297 756 461 820 Ilium
492 763 527 820 a
569 764 710 820 mari
747 759 1045 821 adscendit
1069 806 1086 833 ,
1136 770 1200 821 ut
1234 759 1520 820 Minervae
1557 757 1756 828 sa-chu,
1831 779 1884 827 5„

126 836 405 902 crificaret.
440 839 585 902 Inde
635 841 712 901 ad
748 840 978 902 classem
1015 839 1290 923 regreffus
1314 887 1336 915 ‚
1371 838 1634 921 proficis·
1647 853 1808 904 Euro-

129 919 260 979 citur
290 923 662 1005 quadraginta
701 921 861 984 teciis
900 924 1185 994 navibus,
1224 925 1435 1003 apertis
1471 920 1887 999 sexa-pamm-

128 999 312 1079 ginta:
348 1004 409 1063 ὅ(
434 1006 702 1064 ducentae
743 1006 1020 1065 onerariae
1062 1025 1195 1063 cum
1230 1007 1422 1065 omnis
1460 1002 1772 1087 gene-licit·

125 1083 194 1139 ris
213 1103 534 1146 commeatu
559 1130 580 1159 ‚
605 1085 935 1166 bellicoque
953 1084 1074 1145 alio
1099 1103 1375 1167 apparatu
1388 1131 1409 1160 ,
1432 1083 1642 1168 seque·

123 1161 334 1225 bantur.
387 1166 648 1226 Imbrum
700 1168 891 1247 primo
944 1165 1184 1228 insulam
1219 1170 1404 1229 tenuit
1447 1187 1462 1226 :
1504 1169 1645 1229 inde

125 1240 398 1306 Sciathum
429 1246 698 1326 trajecit3
736 1246 837 1307 ubi
876 1247 1131 1309 collectis
1173 1248 1209 1310 8
1253 1252 1311 1309 in
1342 1248 1461 1310 alto
1514 1268 1650 1330 quae¹

130 1322 386 1406 diffipatae
433 1347 603 1393 erant
648 1331 933 1403 navibus»,
968 1331 1041 1390 ad
1079 1329 1345 1392 Pteleum
1393 1329 1648 1411 primum

129 1409 462 1473 continentis
512 1411 704 1472 venit.
761 1406 852 1470 Ibi
891 1409 1253 1492 Eurylochus
1291 1413 1347 1472 ei
1388 1411 1649 1494 Magne·-

128 1489 339 1551 tarches
375 1491 776 1576 principesque
818 1484 1166 1575 Magnetum
1193 1494 1265 1552 ab
1306 1491 1668 1553 Demetria·-

129 1567 197 1629 de
227 1576 640 1647 occurrerunt3
675 1594 924 1656 quorum
948 1572 1274 1654 frequentia
1310 1573 1509 1645 laetus,
1550 1572 1652 1634 die
1785 1602 1791 1607 ·
1830 1573 1845 1611 s

129 1649 347 1729 postero
382 1658 442 1714 in
480 1654 642 1715 urbis
686 1674 920 1735 portum
952 1657 1196 1717 navibus
1241 1651 1322 1715 est
1363 1652 1653 1716 invectus.

131 1727 333 1814 Copias
364 1737 515 1798 haud
540 1738 742 1817 procul
778 1735 913 1797 inde
942 1735 1208 1818 exposuit
1224 1758 1242 1810 ;
1276 1735 1483 1797 decem
1505 1736 1652 1795 mil-

131 1810 197 1873 lia
233 1816 485 1896 pediturn
533 1817 738 1891 fuere,
792 1818 855 1877 &
907 1820 1211 1901 quingenti
1252 1820 1513 1898 equites,
1554 1815 1655 1876 sex

133 1894 445 1978 elephanti3
479 1903 584 1976 vix
627 1900 701 1959 ad
744 1894 1036 1960 Graeciam
1093 1899 1654 1978 nudamsoccupan-

134 1976 256 2038 dam
287 1981 413 2044 satis
471 1984 813 2062 copiarum,
859 1981 1077 2043 nedum
1134 1982 1209 2042 ad
1261 1979 1658 2046 sustinendum

131 2051 446 2125 Romanum
465 2064 711 2124 bellurn.
746 2063 926 2122 AEtoli
950 2110 968 2136 ‚
1002 2061 1380 2145 posteaquam
1420 2060 1655 2129 Deme,-

133 2143 357 2207 triadem
396 2143 619 2209 venisse
668 2145 1030 2208 Antiochum
1066 2146 1301 2205 allatum
1341 2142 1421 2205 est
1444 2190 1461 2218 ,
1499 2163 1655 2204 con-

135 2223 254 2284 cilio
288 2228 501 2290 indicio
529 2273 546 2301 ,
576 2227 912 2300 decretum,
942 2247 1061 2307 quo
1094 2223 1435 2288 arcesserent
1468 2246 1605 2288 eum
1626 2271 1649 2301 ,

135 2300 396 2370 fecerunt.
437 2310 570 2373 Iam
620 2306 913 2389 profeflus
958 2308 1029 2367 ab
1073 2306 1455 2369 Demetriade
1493 2329 1597 2369 rex
1627 2354 1652 2382 ,

138 2389 261 2466 quia
308 2393 383 2452 ita
434 2394 778 2452 decreturos
818 2385 1029 2449 sciehat
1056 2434 1076 2463 ,
1119 2387 1417 2449 Phaleram
1463 2389 1522 2448 in
1570 2388 1653 2449 st·-

139 2487 267 2527 num
322 2471 639 2534 Maliacum
719 2468 1066 2552 processerat
1126 2492 1146 2544 3
1209 2471 1346 2532 inde
1409 2471 1658 2532 decreto

138 2568 364 2631 accepto
399 2598 420 2629 ,
474 2554 737 2615 Lamiam
805 2554 970 2615 venit
1019 2594 1039 2624 ,
1097 2571 1372 2634 exceptus
1429 2551 1658 2634 ingenti

139 2626 328 2695 favore
376 2634 756 2696 multitudinis
790 2679 808 2707 ‚
854 2655 986 2693 cum
1041 2632 1329 2714 plaufibus
1375 2633 1656 2714 clamori-

139 2710 374 2850 lpiusque,
393 2717 457 2778 &
476 2716 682 2799 quibus
714 2715 835 2775 aliis
864 2715 1065 2776 laetitia
1090 2712 1273 2776 effusa
1299 2715 1460 2800 vulgi
1479 2714 1658 2800 signi-7

185 2812 353 2859 catur.

143 2916 209 2985 gis
225 2922 434 2986 placeret
447 2958 463 2981 ,
479 2938 530 2974 m
552 2923 737 2975 bonum.
754 2921 856 2988 Qui
928 2939 1077 2991 quum
1095 2922 1161 2973 ad·
1184 2922 1231 2973 se
1263 2921 1382 2972 nihil
1403 2921 1656 2989 pertinere

147 2994 334 3045 conscii·
352 2995 439 3047 fibi
475 2998 580 3049 sunt
619 2997 772 3065 pufini
808 2998 857 3047 in
928 2998 1203 3065 intelligant
1223 3027 1239 3054 ‚
1263 2997 1311 3045 in
1332 2998 1434 3047 aliis
1452 2995 1666 3061 reperiri

146 3081 303 3134 magna
321 3070 517 3122 fortuna
536 3072 713 3133 animi,
736 3070 861 3121 ode·
933 3068 1152 3121 moleste*
1176 3071 1354 3120 ferunt.
1649 3107 1656 3118 .
1749 3093 1754 3100 -

147 3154 249 3190 tunt
301 3145 531 3195 virtutem
567 3179 586 3205 ,
634 3160 866 3213 tanquam⁸
938 3209 944 3216 ⁴
1010 3144 1040 3195 8
1065 3142 1124 3194 In
1148 3144 1250 3194 alto
1281 3142 1430 3210 qum]
1455 3139 1579 3204 Quae
1608 3136 1667 3188 {a

148 3212 323 3276 ‚honum
388 3220 596 3272 alienum
648 3253 670 3283 ,
731 3218 863 3288 quod
937 3220 1041 3272 alto'
1063 3218 1208 3272 mari.
1611 3241 1656 3284 ..¹

1310 3282 1423 3346 Pv
